2506 3880
137 144 179 208 88
216 144 237 199 I.
260 143 413 198 AETATIS
438 143 597 200 AUGUSTI
619 141 666 198 ΕΤ
689 142 826 198 TIBERII
848 141 944 198 mals
968 142 1144 200 CONSULTI

211 306 319 372 Labeo
349 307 427 372 dicit
453 306 524 372 lieri
551 327 659 392 posse,
687 310 724 371 ut
751 310 783 370 et
807 306 841 371 in
862 327 931 371 rem
953 327 1081 372 versum
1105 308 1146 373 sit

136 401 168 461 et
191 399 293 460 cesset
314 396 354 460 de
376 396 501 479 peculio
526 396 620 460 actio.
757 412 759 418 ·

227 485 277 549 19.
299 484 339 549 D.
356 483 406 567 15,
421 485 452 562 3,
466 484 496 567 3,
510 486 539 550 3.
580 480 740 568 Ulpianus
764 483 846 549 libro
866 483 1039 549 vicensimo
1058 505 1143 550 nono

137 573 176 638 ad
195 573 334 638 edictum
349 569 398 659 (P.
412 569 513 660 856⁸).
531 609 569 619 -
645 573 673 637 si
693 593 803 637 servus
819 572 957 656 sumpsit
970 573 1147 658 pecuniam,

135 665 174 726 ut
200 683 234 726 se
262 662 362 727 aleret
389 667 422 726 et
445 663 578 727 vestiret
604 660 1066 726 secundumconsuetudinem
1093 663 1146 726 do·

135 751 228 833 mini,
251 750 284 815 id
308 754 480 835 estusque
504 750 545 814 ad
568 771 641 814 eum
664 750 806 832 modum,
829 770 923 833 quem
946 750 1094 815 dominus
1116 751 1145 814 ei

135 843 300 923 praestare
327 842 552 922 consueverat,
578 838 613 903 in
641 859 708 903 rem
736 838 837 902 videri
866 839 986 903 domini
1009 839 1146 904 vertisse

134 927 242 994 Labeo
266 928 388 993 scribit.

222 1018 275 1082 20.
303 1016 342 1082 D.
366 1016 442 1082 ibid.
460 1019 480 1098 ἓ
500 1015 531 1082 5.
561 1051 606 1064 -
637 1014 727 1080 Idem
755 1014 864 1080 Labeo
892 1016 951 1100 ait,
979 1016 1007 1080 si
1036 1037 1146 1081 servus

134 1109 300 1171 mutuatus
324 1126 473 1170 nummos
497 1126 517 1169 a
539 1126 590 1169 ma
613 1104 668 1169 alii
691 1126 746 1169 eos
766 1104 945 1188 crediderit,
969 1104 1007 1169 de
1026 1103 1061 1169 in
1078 1127 1146 1169 rem

134 1216 227 1260 verso
247 1195 413 1259 dominum
431 1194 544 1278 teneri,
567 1193 652 1276 quod
674 1213 792 1258 nomen
816 1193 845 1258 ei
869 1193 1066 1277 adquisitum
1089 1198 1146 1258 cst
1170 1263 1172 1268 ,

222 1283 275 1349 21.
297 1282 337 1349 D.
351 1281 427 1346 ibid.
443 1283 463 1362 ξ
480 1283 509 1348 6.
532 1318 577 1329 -
597 1281 665 1348 Nec
689 1303 756 1347 non
779 1281 859 1346 illud
883 1303 1008 1367 quoque
1025 1282 1061 1346 in
1078 1304 1146 1347 rem

135 1371 255 1437 domini
282 1393 409 1437 versum
433 1369 541 1436 Labeo
569 1372 629 1450 ait,
653 1371 738 1456 quod
761 1373 928 1436 mutuatus
956 1391 1066 1436 servus
1091 1371 1146 1435 do·

136 1462 225 1526 mino
258 1460 337 1526 emit
364 1460 488 1524 volenti
520 1460 560 1524 ad
592 1459 735 1525 luxuriae
768 1459 950 1544 materiam,
981 1463 1147 1544 unguenta

134 1553 233 1628 forte,
261 1549 313 1615 vel
342 1549 369 1613 si
397 1548 473 1632 quid
502 1549 542 1613 ad
569 1547 700 1612 delicias
727 1547 779 1612 vel
807 1547 835 1612 si
863 1548 939 1632 quid
967 1547 1007 1612 ad
1035 1552 1146 1632 turpes

114 1647 116 1650 '
134 1641 281 1721 sumptus
305 1637 584 1702 sumministravit.

172 1756 174 1761 ·
224 1728 274 1792 22.
298 1726 338 1791 D.
355 1727 406 1811 15,
420 1726 449 1808 3,
465 1727 494 1809 7,
508 1727 537 1791 3.
579 1723 739 1812 Ulpianus
762 1725 847 1789 libro
865 1725 1041 1790 vicensimo
1059 1747 1147 1791 nono

135 1815 175 1879 ad
194 1815 333 1880 edictum
351 1813 401 1900 (P.
412 1812 513 1903 856⁰).
533 1851 574 1862 -
594 1813 774 1879 ...Labeo
794 1813 915 1898 scribit,
934 1814 962 1878 si
981 1814 1095 1892 odores
1114 1818 1148 1878 et

134 1902 1148 2058 11111111125111111.21ῖξ11“.1111133.2

223 2081 276 2144 23.
299 2080 336 2144 D.
356 2015 470 2161 ibid&
488 2081 519 2144 4.
542 2117 587 2129 —-
605 2041 699 2144 idern
722 2079 769 2143 ait
793 2083 825 2143 et
849 2081 877 2144 si
894 2078 1109 2145 hereditatem
1128 2103 1150 2145 a

135 2189 228 2234 servo
251 2172 309 2234 tuo
329 2189 436 2233 emero
454 2190 536 2252 quaa
560 2169 600 2232 ad
623 2172 656 2232 te
674 2167 860 2252 pertinebat
883 2174 915 2233 et
934 2168 1149 2234 creditoribus

134 2257 303 2342 pecuniam
332 2258 471 2336 solvero,
495 2255 607 2321 deinde
633 2257 716 2322 hano
738 2256 949 2322 hereditatem
973 2257 1149 2322 abstuleris

134 2345 227 2430 mihi,
255 2367 294 2410 ex
324 2349 432 2429 empto
461 2345 586 2410 actione
614 2367 665 2410 me
692 2345 724 2410 id
752 2345 859 2429 ipsum
887 2349 1151 2429 consecuturum

135 2435 234 2519 rideri
263 2435 349 2500 enim
375 2437 409 2499 in
432 2456 501 2499 rem
524 2437 613 2499 tuam
635 2456 771 2500 versum.
817 2457 892 2500 nam
915 2439 949 2499 at
971 2435 999 2500 si
1021 2434 1158 2499 heredi·

133 2527 235 2588 tatem
259 2547 279 2588 a
297 2545 391 2590 servo
410 2545 528 2607 emero,
551 2527 588 2588 ut
607 2522 691 2607 quod
715 2522 794 2587 mihi
818 2522 859 2587 ab
882 2524 954 2607 ipso
979 2545 1069 2588 servo
1094 2524 1150 2588 de-

133 2612 272 2678 bebatur
290 2634 544 2698 compensarem,
560 2612 636 2677 licet
653 2612 735 2677 nihil
754 2612 845 2697 solvi,
863 2616 973 2677 tamen
992 2613 1151 2697 consequi

133 2724 184 2767 me
207 2723 246 2766 ex
269 2706 379 2787 empto
403 2703 488 2788 quod
512 2702 553 2766 ad
576 2703 741 2767 dominum
763 2701 918 2785 pervenit.

540 2865 622 2940 Quod
644 2868 734 2926 iussa.

222 2967 275 3031 24.
298 2967 337 3031 Ι).
354 2966 405 3048 15,
418 2967 449 3049 4,
466 2968 493 3050 1,
508 2967 538 3032 9.
578 2964 738 3050 Ulpianus
762 2966 845 3032 libro
864 2966 1040 3032 vicensimo
1058 2989 1152 3033 nono

134 3057 175 3122 ad
205 3055 344 3121 edictum
368 3054 417 3142 (P.
437 3054 527 3142 865).
553 3091 592 3102 -
618 3053 653 3120 Si
681 3059 826 3121 curatore
855 3056 1067 3121 adulescentis
1096 3057 1153 3121 rel

134 3145 250 3211 furiosi
274 3144 325 3209 vel
348 3144 477 3229 prodigi
500 3143 633 3209 iubente
655 3164 729 3209 cum
752 3165 846 3210 servo
869 3148 1070 3210 contractum
1096 3146 1155 3231 sit,

133 3237 227 3318 putat
258 3231 367 3299 Labeo
400 3233 536 3298 dandam
575 3233 660 3319 quod
695 3233 785 3298 iussu
823 3234 981 3298 actionem
1018 3233 1052 3298 in
1090 3256 1153 3300 eos

134 3344 270 3406 quorum
302 3343 412 3386 servus
441 3321 552 3407 fuerit3
583 3322 667 3387 idem
700 3327 733 3386 et
764 3322 799 3386 in
826 3343 903 3388 vero
930 3326 1156 3404 procuratore.

134 3409 189 3474 sed
212 3411 239 3474 si
260 3415 452 3494 procurator
476 3432 567 3476 verus
591 3432 655 3476 non
680 3411 735 3495 sit,
756 3411 790 3475 in
813 3411 919 3494 ipsum
938 3411 1048 3495 potius
1071 3411 1155 3478 dan-

134 3498 208 3563 dam
231 3499 389 3566 actionem
413 3500 497 3564 idem
519 3498 628 3566 Labeo
652 3499 708 3564 ait.
