2550 3888
138 123 191 186 12·
216 122 238 180 Ι.
260 122 415 178 nataris
434 122 594 180 AUGUSTI
616 125 664 179 ΕΤ
687 122 822 202 TIBERII
845 121 943 178 IURIS
967 123 1149 180 CONSULTI

227 290 399 352 Labeonem
431 295 462 352 et
498 291 675 368 Capitonem
707 295 812 368 postea
845 292 932 369 quasi
962 291 1150 364 diversarum

140 382 290 439 sectarum
323 383 460 441 auctores
487 382 606 441 habitos
634 400 699 441 esse
729 381 908 457 Pomponius
933 377 952 456 ἓ
977 383 1017 439 47
1042 381 1147 441 tradit:
1251 421 1253 428 ·

140 463 184 527 ‘hi
207 468 266 528 duo
290 469 422 544 primum
441 470 538 530 veluti
557 470 689 530 diversas
709 473 806 530 sectas
824 463 981 530 fecerunt'.
1021 472 1149 545 uterque

140 557 176 616 de
198 557 354 633 pontificio
376 559 441 618 iure
464 559 557 620 libros
580 559 765 636 conscripsit.
812 560 864 619 sed
886 578 923 618 ne
946 558 1062 618 indoles
1085 559 1149 636 qui»

140 646 207 706 dem
235 647 393 725 utriusque
419 647 542 708 illorum
569 667 693 725 operum
715 651 840 724 propter
861 648 1045 724 paucitatem
1067 648 1149 725 frag·

140 737 309 794 mentorum
336 736 453 796 definiri
480 740 588 814 potest.
634 737 670 796 de
698 757 759 802 una
786 755 817 795 re
846 740 1010 813 utrumque
1037 736 1148 797 dixisse
1261 757 1262 766 ³

58 858 60 864 ι
140 822 284 902 videmus,
307 825 421 886 scilieet
443 826 480 884 de
502 827 619 902 virgine
642 824 759 886 Vestali
781 825 932 901 capienda.
978 845 1055 903 quae
1079 825 1148 886 Cel·

139 913 199 972 lius
224 916 437 990 1,12,1-7
467 935 502 975 ex
529 914 675 975 Labeonis
702 915 788 974 libris
816 915 915 992 affert,
946 933 982 973 ea
1007 913 1150 975 videntur

140 1001 264 1078 antiquo
288 991 506 1064 more‘tradita
527 1005 633 1079 firisse;
657 1022 734 1080 quae
756 1003 837 1063 idem
859 1004 948 1063 affert
970 1023 1006 1062 ex
1029 1003 1149 1080 Capito·
1261 1045 1262 1048 η

139 1090 186 1150 nis
212 1090 296 1151 libris
319 1083 410 1173 (Gall.
432 1096 460 1170 1,
476 1095 526 1170 12,
542 1086 591 1173 8),
618 1112 654 1152 ea
676 1091 859 1152 Octavianus
881 1091 1042 1169 Augustus
1065 1093 1150 1153 vide-

140 1183 192 1240 tur
219 1180 374 1247 statuisse:
402 1175 569 1257 ‘praeterea
592 1179 698 1257 Capito
721 1181 829 1240 Ateius
853 1181 996 1257 scriptum
1018 1182 1150 1259 reliquit,

140 1287 236 1346 neque
259 1269 324 1328 eius
346 1271 505 1346 legendam
527 1271 629 1348 filiam,
653 1271 704 1347 qui
727 1269 914 1331 domicilium
933 1271 965 1330 in
983 1269 1073 1330 Italia
1091 1291 1151 1331 non

140 1358 278 1435 haberet,
308 1363 339 1418 et
366 1360 565 1419 excusandam
592 1359 669 1436 eius,
697 1359 751 1437 qui
777 1359 888 1419 liberos
916 1362 978 1418 tres
1005 1355 1151 1420 baberet'.

140 1447 173 1505 in
190 1446 276 1505 libris
301 1447 371 1520 suis,
394 1451 543 1524 quatenus
561 1448 683 1526 quidem
701 1448 815 1508 servati
833 1450 912 1525 sunt,
934 1466 1031 1525 neque
1050 1448 1151 1510 Labeo

142 1534 319 1612 Capitonem
340 1555 438 1613 neque
461 1535 567 1613 Capito
591 1537 762 1597 Labeonem
783 1536 957 1597 nominarit.

231 1617 377 1702 ‘Reliquit
391 1627 612 1705 quadringenta
625 1627 787 1703 volumina,
806 1645 843 1684 ex
856 1619 977 1703 quibus'
991 1625 1150 1702 Pomponii
1181 1599 1183 1603 Ι
1261 1645 1262 1648 ’

142 1715 242 1772 aetate
262 1707 404 1790 ‘plurima
422 1715 502 1775 inter
514 1709 633 1776 manus'
651 1716 860 1776 versabantur.
895 1715 961 1774 noti
975 1720 1046 1774 sunt
1059 1715 1150 1776 libro·

141 1821 210 1862 rum
223 1802 308 1862 tituli
322 1803 366 1863 hi:
386 1804 422 1863 de
437 1805 503 1864 iure
516 1804 669 1881 pontificio
683 1804 755 1864 libri
768 1798 842 1884 (non
856 1802 956 1862 minus
970 1823 1061 1880 quam
1069 1800 1150 1886 XV),

143 1893 181 1951 ad
199 1891 259 1951 XII
280 1893 401 1952 tabulas
424 1893 494 1953 libri
518 1885 592 1975 (non
614 1895 713 1953 minue
737 1913 828 1970 quam
844 1884 901 1974 ¹II),
929 1893 1153 1970 Responsorum

142 1980 213 2039 libri
235 1975 309 2058 (non
331 1981 431 2040 minue
454 2001 546 2058 quam
563 1973 644 2062 XV),
667 1983 877 2058 Epistularum
900 1979 978 2055 libri,
1001 1982 1153 2043 Pithanon
1261 1985 1262 1996 ¹

142 2068 226 2146 libri,
264 2059 318 2149 (ad
346 2065 492 2150 edietum)
520 2070 671 2146 praetoris
705 2071 815 2130 urbani
841 2070 924 2144 libri,
957 2061 1010 2151 (de
1038 2064 1153 2153 officio)

143 2157 291 2232 praetoris
309 2159 460 2236 peregrini
478 2159 549 2217 libri
573 2153 647 2236 (non
665 2159 765 2217 minus
784 2178 875 2236 quam
894 2151 1000 2240 XXX),
1024 2160 1152 2237 denique
1179 2155 1182 2160 ’
1260 2213 1262 2242 ,

143 2245 214 2306 libri
235 2246 417 2322 posteriores
440 2247 503 2323 XL,
526 2247 643 2306 scilicet
664 2250 735 2324 post
757 2247 840 2306 illius
864 2251 993 2308 mortem
1017 2249 1097 2308 editi.

153 2384 175 2416 Ἴ.
195 2386 197 2394 ,
232 2335 297 2405 Quo
319 2339 454 2411 tempore
472 2336 620 2396 Labeonis
643 2355 734 2412 opera
757 2335 877 2413 singula
895 2337 1065 2413 conscripta
1084 2339 1154 2417 sint,

145 2425 180 2483 de
199 2425 304 2500 paucis
323 2426 493 2485 accuratius
513 2426 662 2503 explorari
679 2427 788 2502 potest.
821 2425 968 2502 quaedam
982 2427 1163 2504 fragmenta·

143 2515 225 2590 leges
253 2513 308 2572 sub
336 2515 477 2590 Augusto
505 2515 640 2591 principe
668 2514 704 2574 de
731 2514 923 2574 matrimonio
953 2515 1032 2575 latas
1060 2518 1154 2592 respi-

144 2602 227 2662 ciunt
245 2595 357 2680 (1140,
370 2607 397 2680 7,
407 2606 449 2664 42
469 2599 518 2664 ‘ex
531 2605 599 2683 lege
612 2597 772 2680 nupserit',
791 2605 842 2682 24,
853 2605 882 2678 3,
894 2605 944 2681 64,
956 2606 985 2664 9.
1006 2608 1034 2682 1,
1045 2606 1073 2683 9,
1086 2608 1114 2683 7,
1127 2609 1154 2668 1.

144 2693 180 2752 cf.
199 2692 294 2768 Joers,
317 2693 606 2772 Ehegesetzgebung
627 2693 656 2753 S.
671 2697 713 2753 47
725 2685 782 2774 sq.)
805 2693 855 2753 vel
877 2693 1061 2768 praefectum
1079 2694 1156 2773 vigi-

56 2837 58 2841 .
144 2782 207 2840 lum
225 2782 264 2840 ab
283 2782 423 2858 Augusto
442 2803 470 2843 a.
481 2775 560 2861 759)
565 2784 583 2841 6
603 2782 780 2842 institutum
794 2775 845 2862 (D.
862 2784 912 2858 12,
927 2783 956 2860 4,
972 2773 1038 2864 15).
1075 2785 1156 2860 quod

143 2887 215 2928 vero
230 2869 266 2928 de
280 2871 351 2930 fisco
366 2870 479 2946 legitur
492 2862 542 2950 (D.
553 2872 607 2946 49,
618 2872 668 2948 14,
680 2874 708 2948 1,
718 2865 762 2947 1),
776 2873 856 2929 certe
871 2869 1061 2950 Triboniano,
1076 2873 1157 2949 quod
1260 2877 1262 2952 t

145 2957 181 3016 de
195 2957 328 3017 iussione
342 2959 494 3037 principis,
507 2959 635 3018 fortasse
650 2959 747 3018 eidem.
760 2958 886 3017 debetur
900 2951 950 3040 (D.
962 2963 1013 3036 11,
1022 2964 1050 3039 7,
1060 2955 1155 3044 Spu).
1188 3011 1191 3019 .
1261 2957 1262 3002 ³

232 3046 280 3105 Ex
293 3066 401 3125 magno
415 3048 587 3108 auditorum
600 3066 734 3125 numero,
748 3066 823 3125 quos
832 3047 1003 3108 Labeonem
1012 3050 1154 3112 habuisse

144 3138 376 3196 consentaneum
395 3139 449 3214 est,
468 3137 544 3196 nulli
561 3137 762 3196 nominantur.
793 3137 832 3196 Μ.
848 3135 1004 3196 Cocceium
1021 3139 1154 3202 Nervam
1261 3167 1262 3178 2

145 3227 176 3283 et
198 3225 361 3286 Proculum
387 3227 419 3284 in
445 3226 506 3285 illis
529 3226 623 3287 fuisse
646 3226 832 3285 crediderim.
873 3226 1153 3290 cf.Pernice184.

145 3319 353 3375 successerunt
375 3314 508 3376 Labeoni
529 3319 566 3375 ut
589 3318 688 3376 sectae
711 3314 839 3391 principi
860 3315 975 3392 Nerva,
1000 3316 1156 3396 Proculus,

144 3401 288 3480 Pegasus,
312 3403 392 3463 Celsi
414 3410 446 3464 et
468 3408 555 3480 pater
578 3408 608 3464 et
626 3405 716 3483 filins,
739 3403 857 3465 Priscus
875 3405 1028 3466 Neratius.
1068 3407 1156 3467 Pom-

144 3491 253 3568 ponius
278 3489 319 3568 ἐξ
338 3495 389 3555 48.
410 3495 461 3555 52.
481 3495 532 3554 53.
