<?xml version="1.0" encoding="UTF-8"?>
<!DOCTYPE html PUBLIC "-//W3C//DTD XHTML 1.0 Transitional//EN"
    "http://www.w3.org/TR/xhtml1/DTD/xhtml1-transitional.dtd">
<html xmlns="http://www.w3.org/1999/xhtml" xml:lang="en" lang="en">
 <head>
  <title>
</title>
<meta http-equiv="Content-Type" content="text/html;charset=utf-8" />
  <meta name='ocr-system' content='tesseract 3.04.00' />
  <meta name='ocr-capabilities' content='ocr_page ocr_carea ocr_par ocr_line ocrx_word'/>
</head>
<body>
  <div class='ocr_page' id='page_1' title='image "./iurisprudentiae04bremgoog_0405.png"; bbox 0 0 2512 3888; ppageno 0'>
   <div class='ocr_carea' id='block_1_1' title="bbox 401 173 1112 240">
    <p class='ocr_par' dir='ltr' id='par_1_1' title="bbox 401 173 1112 240">
     <span class='ocr_line' id='line_1_1' title="bbox 401 173 1112 240; baseline 0.008 -8"><span class='ocrx_word' id='word_1_1' title='bbox 401 182 427 233; x_wconf 92' lang='grc'>2.</span> <span class='ocrx_word' id='word_1_2' title='bbox 449 175 633 231; x_wconf 79' lang='lat' dir='ltr'><strong>MASURIUS</strong></span> <span class='ocrx_word' id='word_1_3' title='bbox 653 175 807 232; x_wconf 84' lang='lat' dir='ltr'>SABINUS</span> <span class='ocrx_word' id='word_1_4' title='bbox 1046 173 1112 240; x_wconf 70' lang='grc' dir='ltr'>Ι411</span> 
     </span>
    </p>
   </div>
   <div class='ocr_carea' id='block_1_2' title="bbox 529 347 687 388">
    <p class='ocr_par' dir='ltr' id='par_1_2' title="bbox 529 347 687 388">
     <span class='ocr_line' id='line_1_2' title="bbox 529 347 687 388; baseline -0.006 -2"><span class='ocrx_word' id='word_1_5' title='bbox 529 347 561 387; x_wconf 86' lang='lat' dir='ltr'>De</span> <span class='ocrx_word' id='word_1_6' title='bbox 574 348 687 388; x_wconf 72' lang='lat' dir='ltr'>testatione.</span> 
     </span>
    </p>
   </div>
   <div class='ocr_carea' id='block_1_3' title="bbox 100 431 1116 1233">
    <p class='ocr_par' dir='ltr' id='par_1_3' title="bbox 100 431 1116 1233">
     <span class='ocr_line' id='line_1_3' title="bbox 189 431 1112 493; baseline 0 -1"><span class='ocrx_word' id='word_1_7' title='bbox 189 433 381 492; x_wconf 78' lang='lat' dir='ltr'>Testamento</span> <span class='ocrx_word' id='word_1_8' title='bbox 405 432 454 492; x_wconf 84' lang='lat' dir='ltr'>vel</span> <span class='ocrx_word' id='word_1_9' title='bbox 472 431 526 491; x_wconf 90' lang='lat' dir='ltr'>illo</span> <span class='ocrx_word' id='word_1_10' title='bbox 543 433 593 493; x_wconf 87' lang='lat' dir='ltr'>vel</span> <span class='ocrx_word' id='word_1_11' title='bbox 611 433 668 493; x_wconf 91' lang='lat' dir='ltr'>hoc</span> <span class='ocrx_word' id='word_1_12' title='bbox 685 432 774 493; x_wconf 87' lang='lat' dir='ltr'>modo</span> <span class='ocrx_word' id='word_1_13' title='bbox 793 433 873 492; x_wconf 84' lang='lat' dir='ltr'>facto</span> <span class='ocrx_word' id='word_1_14' title='bbox 891 435 1020 493; x_wconf 86' lang='lat' dir='ltr'>testetur</span> <span class='ocrx_word' id='word_1_15' title='bbox 1037 433 1112 492; x_wconf 84' lang='lat' dir='ltr'>hoec</span> 
     </span>
     <span class='ocr_line' id='line_1_4' title="bbox 101 515 1113 598; baseline -0.003 -14"><span class='ocrx_word' id='word_1_16' title='bbox 101 522 186 584; x_wconf 81' lang='lat' dir='ltr'>addit</span> <span class='ocrx_word' id='word_1_17' title='bbox 207 522 355 597; x_wconf 89' lang='lat' dir='ltr'>finemque</span> <span class='ocrx_word' id='word_1_18' title='bbox 378 520 464 580; x_wconf 84' lang='lat' dir='ltr'>facit:</span> <span class='ocrx_word' id='word_1_19' title='bbox 488 515 544 580; x_wconf 77' lang='lat' dir='ltr'>‘its</span> <span class='ocrx_word' id='word_1_20' title='bbox 566 523 662 582; x_wconf 86' lang='lat' dir='ltr'>testor</span> <span class='ocrx_word' id='word_1_21' title='bbox 684 522 786 598; x_wconf 80' lang='lat' dir='ltr'>iisque</span> <span class='ocrx_word' id='word_1_22' title='bbox 804 540 857 582; x_wconf 79' lang='lat' dir='ltr'>vos</span> <span class='ocrx_word' id='word_1_23' title='bbox 876 520 1007 591; x_wconf 81' lang='lat' dir='ltr'>Quirites</span> <span class='ocrx_word' id='word_1_24' title='bbox 1026 521 1113 582; x_wconf 88' lang='lat' dir='ltr'>teeti·</span> 
     </span>
     <span class='ocr_line' id='line_1_5' title="bbox 100 602 1115 689; baseline -0.003 -17"><span class='ocrx_word' id='word_1_25' title='bbox 100 610 233 672; x_wconf 89' lang='lat' dir='ltr'>monium</span> <span class='ocrx_word' id='word_1_26' title='bbox 259 610 336 671; x_wconf 89' lang='lat' dir='ltr'>mibi</span> <span class='ocrx_word' id='word_1_27' title='bbox 361 602 569 687; x_wconf 88' lang='lat' dir='ltr'>perhibetote&#39;.</span> <span class='ocrx_word' id='word_1_28' title='bbox 617 609 681 672; x_wconf 70' lang='lat' dir='ltr'>set</span> <span class='ocrx_word' id='word_1_29' title='bbox 702 611 829 686; x_wconf 90' lang='grc'>2,104.</span> <span class='ocrx_word' id='word_1_30' title='bbox 860 608 929 686; x_wconf 88' lang='lat' dir='ltr'>Ulp.</span> <span class='ocrx_word' id='word_1_31' title='bbox 950 613 1000 689; x_wconf 91' lang='grc'>20,</span> <span class='ocrx_word' id='word_1_32' title='bbox 1020 614 1049 672; x_wconf 89' lang='grc'>9.</span> <span class='ocrx_word' id='word_1_33' title='bbox 1077 611 1115 670; x_wconf 82' lang='lat' dir='ltr'>of.</span> 
     </span>
     <span class='ocr_line' id='line_1_6' title="bbox 101 693 1114 777; baseline -0.001 -17"><span class='ocrx_word' id='word_1_34' title='bbox 101 700 169 777; x_wconf 84' lang='lat' dir='ltr'>Ulp.</span> <span class='ocrx_word' id='word_1_35' title='bbox 192 702 248 774; x_wconf 94' lang='grc'>20,</span> <span class='ocrx_word' id='word_1_36' title='bbox 272 703 288 759; x_wconf 93' lang='grc'>1</span> <span class='ocrx_word' id='word_1_37' title='bbox 323 693 549 760; x_wconf 77' lang='lat' dir='ltr'>‘testamentum</span> <span class='ocrx_word' id='word_1_38' title='bbox 581 701 629 758; x_wconf 89' lang='lat' dir='ltr'>est</span> <span class='ocrx_word' id='word_1_39' title='bbox 655 699 763 759; x_wconf 89' lang='lat' dir='ltr'>mentis</span> <span class='ocrx_word' id='word_1_40' title='bbox 794 701 914 758; x_wconf 81' lang='lat' dir='ltr'>nostrae</span> <span class='ocrx_word' id='word_1_41' title='bbox 941 699 1021 758; x_wconf 82' lang='lat' dir='ltr'>iuste</span> <span class='ocrx_word' id='word_1_42' title='bbox 1046 718 1114 759; x_wconf 90' lang='lat' dir='ltr'>con·</span> 
     </span>
     <span class='ocr_line' id='line_1_7' title="bbox 102 783 1115 864; baseline -0.002 -16"><span class='ocrx_word' id='word_1_43' title='bbox 102 783 246 862; x_wconf 80' lang='lat' dir='ltr'>testatio&#39;,</span> <span class='ocrx_word' id='word_1_44' title='bbox 281 790 312 848; x_wconf 89' lang='lat' dir='ltr'>et</span> <span class='ocrx_word' id='word_1_45' title='bbox 339 787 475 864; x_wconf 85' lang='lat' dir='ltr'>inprimis</span> <span class='ocrx_word' id='word_1_46' title='bbox 500 787 662 864; x_wconf 80' lang='lat' dir='ltr'>Ulpianum</span> <span class='ocrx_word' id='word_1_47' title='bbox 692 788 767 847; x_wconf 90' lang='lat' dir='ltr'>libro</span> <span class='ocrx_word' id='word_1_48' title='bbox 790 788 886 862; x_wconf 86' lang='lat' dir='ltr'>primo</span> <span class='ocrx_word' id='word_1_49' title='bbox 910 787 947 846; x_wconf 83' lang='lat' dir='ltr'>sd</span> <span class='ocrx_word' id='word_1_50' title='bbox 971 786 1115 846; x_wconf 80' lang='lat' dir='ltr'>Sabinum</span> 
     </span>
     <span class='ocr_line' id='line_1_8' title="bbox 102 869 1115 958; baseline -0.003 -20"><span class='ocrx_word' id='word_1_51' title='bbox 102 879 138 938; x_wconf 90' lang='lat' dir='ltr'>D.</span> <span class='ocrx_word' id='word_1_52' title='bbox 155 879 205 952; x_wconf 88' lang='grc'>28,</span> <span class='ocrx_word' id='word_1_53' title='bbox 221 881 249 955; x_wconf 92' lang='grc'>1,</span> <span class='ocrx_word' id='word_1_54' title='bbox 265 879 316 954; x_wconf 93' lang='grc'>20,</span> <span class='ocrx_word' id='word_1_55' title='bbox 331 879 350 938; x_wconf 93' lang='grc'>8</span> <span class='ocrx_word' id='word_1_56' title='bbox 371 870 536 958; x_wconf 56' lang='lat' dir='ltr'>(supreme</span> <span class='ocrx_word' id='word_1_57' title='bbox 555 871 747 936; x_wconf 82' lang='lat' dir='ltr'>contestatio&#39;</span> <span class='ocrx_word' id='word_1_58' title='bbox 766 897 794 938; x_wconf 84' lang='lat' dir='ltr'>v.</span> <span class='ocrx_word' id='word_1_59' title='bbox 813 869 915 953; x_wconf 83' lang='lat' dir='ltr'>infru).</span> <span class='ocrx_word' id='word_1_60' title='bbox 947 875 1009 935; x_wconf 81' lang='lat' dir='ltr'>iam</span> <span class='ocrx_word' id='word_1_61' title='bbox 1025 879 1115 936; x_wconf 88' lang='lat' dir='ltr'>testes</span> 
     </span>
     <span class='ocr_line' id='line_1_9' title="bbox 102 964 1116 1043; baseline -0.004 -16"><span class='ocrx_word' id='word_1_62' title='bbox 102 966 276 1027; x_wconf 84' lang='lat' dir='ltr'>testamenti</span> <span class='ocrx_word' id='word_1_63' title='bbox 290 985 344 1041; x_wconf 89' lang='lat' dir='ltr'>per</span> <span class='ocrx_word' id='word_1_64' title='bbox 359 966 537 1042; x_wconf 72' lang='lat' dir='ltr'>scripturam</span> <span class='ocrx_word' id='word_1_65' title='bbox 552 966 625 1025; x_wconf 82' lang='lat' dir='ltr'>fecti</span> <span class='ocrx_word' id='word_1_66' title='bbox 644 965 765 1024; x_wconf 80' lang='lat' dir='ltr'>tubulus</span> <span class='ocrx_word' id='word_1_67' title='bbox 784 965 912 1043; x_wconf 83' lang='lat' dir='ltr'>signent.</span> <span class='ocrx_word' id='word_1_68' title='bbox 941 964 978 1023; x_wconf 89' lang='lat' dir='ltr'>de</span> <span class='ocrx_word' id='word_1_69' title='bbox 993 964 1116 1024; x_wconf 88' lang='lat' dir='ltr'>testium</span> 
     </span>
     <span class='ocr_line' id='line_1_10' title="bbox 103 1053 1116 1135; baseline -0.003 -19"><span class='ocrx_word' id='word_1_70' title='bbox 103 1056 196 1135; x_wconf 88' lang='lat' dir='ltr'>signis</span> <span class='ocrx_word' id='word_1_71' title='bbox 219 1059 250 1115; x_wconf 92' lang='lat' dir='ltr'>et</span> <span class='ocrx_word' id='word_1_72' title='bbox 278 1055 314 1114; x_wconf 87' lang='lat' dir='ltr'>de</span> <span class='ocrx_word' id='word_1_73' title='bbox 342 1055 432 1114; x_wconf 85' lang='lat' dir='ltr'>enulo</span> <span class='ocrx_word' id='word_1_74' title='bbox 460 1054 498 1114; x_wconf 85' lang='lat' dir='ltr'>ed</span> <span class='ocrx_word' id='word_1_75' title='bbox 522 1054 700 1133; x_wconf 82' lang='lat' dir='ltr'>signandum</span> <span class='ocrx_word' id='word_1_76' title='bbox 728 1054 863 1115; x_wconf 78' lang='lat' dir='ltr'>adhibito</span> <span class='ocrx_word' id='word_1_77' title='bbox 892 1053 968 1113; x_wconf 78' lang='lat' dir='ltr'>dixit</span> <span class='ocrx_word' id='word_1_78' title='bbox 990 1053 1116 1130; x_wconf 91' lang='lat' dir='ltr'>Pompo·</span> 
     </span>
     <span class='ocr_line' id='line_1_11' title="bbox 103 1133 1027 1233; baseline -0.001 -30"><span class='ocrx_word' id='word_1_79' title='bbox 103 1145 171 1233; x_wconf 84' lang='lat' dir='ltr'>niue</span> <span class='ocrx_word' id='word_1_80' title='bbox 195 1144 271 1205; x_wconf 91' lang='lat' dir='ltr'>libro</span> <span class='ocrx_word' id='word_1_81' title='bbox 294 1143 391 1220; x_wconf 88' lang='lat' dir='ltr'>primo</span> <span class='ocrx_word' id='word_1_82' title='bbox 415 1143 453 1203; x_wconf 85' lang='lat' dir='ltr'>sd</span> <span class='ocrx_word' id='word_1_83' title='bbox 477 1142 620 1203; x_wconf 81' lang='lat' dir='ltr'>Sabinum</span> <span class='ocrx_word' id='word_1_84' title='bbox 641 1136 692 1227; x_wconf 88' lang='lat' dir='ltr'>(D.</span> <span class='ocrx_word' id='word_1_85' title='bbox 703 1146 732 1220; x_wconf 83' lang='lat'>3,</span> <span class='ocrx_word' id='word_1_86' title='bbox 748 1146 777 1220; x_wconf 82' lang='lat'>2,</span> <span class='ocrx_word' id='word_1_87' title='bbox 793 1146 844 1221; x_wconf 88' lang='lat'>10,</span> <span class='ocrx_word' id='word_1_88' title='bbox 859 1145 877 1204; x_wconf 83' lang='lat'><strong>5</strong></span> <span class='ocrx_word' id='word_1_89' title='bbox 893 1143 926 1203; x_wconf 94' lang='lat' dir='ltr'>P.</span> <span class='ocrx_word' id='word_1_90' title='bbox 939 1133 1027 1224; x_wconf 88' lang='grc'>383).</span> 
     </span>
    </p>
   </div>
   <div class='ocr_carea' id='block_1_4' title="bbox 325 1313 804 1369">
    <p class='ocr_par' dir='ltr' id='par_1_4' title="bbox 325 1313 804 1369">
     <span class='ocr_line' id='line_1_12' title="bbox 325 1313 804 1369; baseline 0.006 -3"><span class='ocrx_word' id='word_1_91' title='bbox 325 1347 327 1351; x_wconf 40' lang='lat'><em>1</em></span> <span class='ocrx_word' id='word_1_92' title='bbox 415 1313 459 1368; x_wconf 84' lang='lat' dir='ltr'>De</span> <span class='ocrx_word' id='word_1_93' title='bbox 476 1313 621 1368; x_wconf 77' lang='lat' dir='ltr'>mulierum</span> <span class='ocrx_word' id='word_1_94' title='bbox 639 1317 804 1369; x_wconf 82' lang='lat' dir='ltr'>testamento.</span> 
     </span>
    </p>
   </div>
   <div class='ocr_carea' id='block_1_5' title="bbox 104 1411 1119 1851">
    <p class='ocr_par' dir='ltr' id='par_1_5' title="bbox 104 1411 1119 1851">
     <span class='ocr_line' id='line_1_13' title="bbox 104 1411 1117 1496; baseline -0.002 -18"><span class='ocrx_word' id='word_1_95' title='bbox 104 1421 106 1428; x_wconf 89' lang='lat'>&#39;</span> <span class='ocrx_word' id='word_1_96' title='bbox 194 1411 433 1478; x_wconf 72' lang='lat' dir='ltr'>‘Observandum</span> <span class='ocrx_word' id='word_1_97' title='bbox 459 1420 617 1494; x_wconf 75' lang='lat' dir='ltr'>praeterea</span> <span class='ocrx_word' id='word_1_98' title='bbox 645 1422 703 1496; x_wconf 87' lang='lat' dir='ltr'>est,</span> <span class='ocrx_word' id='word_1_99' title='bbox 730 1423 766 1477; x_wconf 93' lang='lat' dir='ltr'>ut</span> <span class='ocrx_word' id='word_1_100' title='bbox 794 1419 820 1478; x_wconf 87' lang='lat' dir='ltr'>si</span> <span class='ocrx_word' id='word_1_101' title='bbox 846 1419 954 1478; x_wconf 88' lang='lat' dir='ltr'>mulier</span> <span class='ocrx_word' id='word_1_102' title='bbox 981 1437 1057 1494; x_wconf 85' lang='lat' dir='ltr'>quus</span> <span class='ocrx_word' id='word_1_103' title='bbox 1085 1417 1117 1476; x_wconf 88' lang='lat' dir='ltr'>in</span> 
     </span>
     <span class='ocr_line' id='line_1_14' title="bbox 106 1506 1117 1585; baseline -0.001 -18"><span class='ocrx_word' id='word_1_104' title='bbox 106 1507 204 1567; x_wconf 81' lang='lat' dir='ltr'>tutela</span> <span class='ocrx_word' id='word_1_105' title='bbox 226 1509 285 1585; x_wconf 87' lang='lat' dir='ltr'>est,</span> <span class='ocrx_word' id='word_1_106' title='bbox 312 1506 405 1566; x_wconf 76' lang='lat' dir='ltr'>faciet</span> <span class='ocrx_word' id='word_1_107' title='bbox 426 1509 654 1582; x_wconf 80' lang='lat' dir='ltr'>testamentum,</span> <span class='ocrx_word' id='word_1_108' title='bbox 677 1509 779 1566; x_wconf 91' lang='lat' dir='ltr'>tutore</span> <span class='ocrx_word' id='word_1_109' title='bbox 802 1511 923 1567; x_wconf 79' lang='lat' dir='ltr'>auctore</span> <span class='ocrx_word' id='word_1_110' title='bbox 946 1507 1044 1566; x_wconf 84' lang='lat' dir='ltr'>fecere</span> <span class='ocrx_word' id='word_1_111' title='bbox 1068 1506 1117 1566; x_wconf 85' lang='lat' dir='ltr'>de-</span> 
     </span>
     <span class='ocr_line' id='line_1_15' title="bbox 105 1589 1118 1676; baseline 0 -21"><span class='ocrx_word' id='word_1_112' title='bbox 105 1597 190 1676; x_wconf 74' lang='lat' dir='ltr'>beat,</span> <span class='ocrx_word' id='word_1_113' title='bbox 209 1596 340 1671; x_wconf 81' lang='lat' dir='ltr'>alioquin</span> <span class='ocrx_word' id='word_1_114' title='bbox 358 1595 507 1654; x_wconf 78' lang='lat' dir='ltr'>inutiliter</span> <span class='ocrx_word' id='word_1_115' title='bbox 524 1595 588 1654; x_wconf 90' lang='lat' dir='ltr'>iure</span> <span class='ocrx_word' id='word_1_116' title='bbox 603 1591 686 1654; x_wconf 88' lang='lat' dir='ltr'>civili</span> <span class='ocrx_word' id='word_1_117' title='bbox 699 1589 882 1655; x_wconf 85' lang='lat' dir='ltr'>testabitur&#39;.</span> <span class='ocrx_word' id='word_1_118' title='bbox 920 1593 984 1654; x_wconf 75' lang='lat' dir='ltr'>cai.</span> <span class='ocrx_word' id='word_1_119' title='bbox 1001 1597 1029 1668; x_wconf 83' lang='lat'>2,</span> <span class='ocrx_word' id='word_1_120' title='bbox 1047 1597 1118 1655; x_wconf 90' lang='lat'>118.</span> 
     </span>
     <span class='ocr_line' id='line_1_16' title="bbox 108 1682 1119 1763; baseline -0.004 -17"><span class='ocrx_word' id='word_1_121' title='bbox 108 1687 248 1760; x_wconf 75' lang='lat' dir='ltr'>exceptae</span> <span class='ocrx_word' id='word_1_122' title='bbox 271 1686 341 1743; x_wconf 88' lang='lat' dir='ltr'>sunt</span> <span class='ocrx_word' id='word_1_123' title='bbox 364 1683 495 1761; x_wconf 86' lang='lat' dir='ltr'>virgines</span> <span class='ocrx_word' id='word_1_124' title='bbox 513 1682 661 1759; x_wconf 75' lang='lat' dir='ltr'>Vestales,</span> <span class='ocrx_word' id='word_1_125' title='bbox 685 1703 758 1760; x_wconf 80' lang='lat' dir='ltr'>quse</span> <span class='ocrx_word' id='word_1_126' title='bbox 781 1685 898 1745; x_wconf 86' lang='lat' dir='ltr'>veteres</span> <span class='ocrx_word' id='word_1_127' title='bbox 921 1684 1119 1763; x_wconf 88' lang='lat' dir='ltr'>inhonorem</span> 
     </span>
     <span class='ocr_line' id='line_1_17' title="bbox 108 1770 1119 1851; baseline -0.001 -17"><span class='ocrx_word' id='word_1_128' title='bbox 108 1772 268 1835; x_wconf 80' lang='lat' dir='ltr'>sacerdotii</span> <span class='ocrx_word' id='word_1_129' title='bbox 296 1791 314 1832; x_wconf 82' lang='lat' dir='ltr'>e</span> <span class='ocrx_word' id='word_1_130' title='bbox 340 1773 438 1832; x_wconf 81' lang='lat' dir='ltr'>tutela</span> <span class='ocrx_word' id='word_1_131' title='bbox 465 1771 577 1832; x_wconf 82' lang='lat' dir='ltr'>liberes</span> <span class='ocrx_word' id='word_1_132' title='bbox 605 1789 670 1831; x_wconf 87' lang='lat' dir='ltr'>esse</span> <span class='ocrx_word' id='word_1_133' title='bbox 692 1772 863 1833; x_wconf 88' lang='lat' dir='ltr'>voluerunt</span> <span class='ocrx_word' id='word_1_134' title='bbox 909 1770 1024 1851; x_wconf 76' lang='lat' dir='ltr'>(leil,</span> <span class='ocrx_word' id='word_1_135' title='bbox 1047 1774 1119 1833; x_wconf 86' lang='lat'>145.</span> 
     </span>
    </p>
   </div>
   <div class='ocr_carea' id='block_1_6' title="bbox 8 1857 1120 1944">
    <p class='ocr_par' dir='ltr' id='par_1_6' title="bbox 8 1857 1120 1944">
     <span class='ocr_line' id='line_1_18' title="bbox 8 1857 1120 1944; baseline -0.001 -21"><span class='ocrx_word' id='word_1_136' title='bbox 8 1919 35 1944; x_wconf 19' lang='lat' dir='ltr'>„K</span> <span class='ocrx_word' id='word_1_137' title='bbox 108 1857 152 1923; x_wconf 77' lang='lat' dir='ltr'>‘in</span> <span class='ocrx_word' id='word_1_138' title='bbox 174 1861 260 1921; x_wconf 90' lang='lat' dir='ltr'>bonis</span> <span class='ocrx_word' id='word_1_139' title='bbox 279 1859 488 1921; x_wconf 75' lang='lat' dir='ltr'>libertinarum</span> <span class='ocrx_word' id='word_1_140' title='bbox 506 1859 620 1920; x_wconf 80' lang='lat' dir='ltr'>nnllam</span> <span class='ocrx_word' id='word_1_141' title='bbox 639 1861 781 1920; x_wconf 80' lang='lat' dir='ltr'>iniuriam</span> <span class='ocrx_word' id='word_1_142' title='bbox 800 1860 923 1938; x_wconf 81' lang='lat' dir='ltr'>antiquo</span> <span class='ocrx_word' id='word_1_143' title='bbox 942 1861 1007 1921; x_wconf 90' lang='lat' dir='ltr'>iure</span> <span class='ocrx_word' id='word_1_144' title='bbox 1026 1861 1120 1939; x_wconf 82' lang='lat' dir='ltr'>patie-</span> 
     </span>
    </p>
   </div>
   <div class='ocr_carea' id='block_1_7' title="bbox 105 1949 1125 3097">
    <p class='ocr_par' dir='ltr' id='par_1_7' title="bbox 105 1949 1125 3097">
     <span class='ocr_line' id='line_1_19' title="bbox 106 1949 1120 2028; baseline -0.003 -15"><span class='ocrx_word' id='word_1_145' title='bbox 106 1954 220 2013; x_wconf 83' lang='lat' dir='ltr'>bantur</span> <span class='ocrx_word' id='word_1_146' title='bbox 245 1951 373 2028; x_wconf 83' lang='lat' dir='ltr'>patroni.</span> <span class='ocrx_word' id='word_1_147' title='bbox 420 1969 488 2010; x_wconf 90' lang='lat' dir='ltr'>oum</span> <span class='ocrx_word' id='word_1_148' title='bbox 515 1949 595 2009; x_wconf 90' lang='lat' dir='ltr'>enim</span> <span class='ocrx_word' id='word_1_149' title='bbox 621 1949 677 2009; x_wconf 84' lang='lat' dir='ltr'>hee</span> <span class='ocrx_word' id='word_1_150' title='bbox 704 1950 736 2009; x_wconf 91' lang='lat' dir='ltr'>in</span> <span class='ocrx_word' id='word_1_151' title='bbox 764 1953 959 2026; x_wconf 74' lang='lat' dir='ltr'>patronorum</span> <span class='ocrx_word' id='word_1_152' title='bbox 983 1951 1120 2028; x_wconf 84' lang='lat' dir='ltr'>legitime</span> 
     </span>
     <span class='ocr_line' id='line_1_20' title="bbox 105 2035 1118 2122; baseline -0.004 -19"><span class='ocrx_word' id='word_1_153' title='bbox 105 2041 208 2122; x_wconf 71' lang='lat' dir='ltr'>¹tutele</span> <span class='ocrx_word' id='word_1_154' title='bbox 229 2041 338 2116; x_wconf 82' lang='lat' dir='ltr'>essent,</span> <span class='ocrx_word' id='word_1_155' title='bbox 360 2057 420 2100; x_wconf 90' lang='lat' dir='ltr'>non</span> <span class='ocrx_word' id='word_1_156' title='bbox 442 2039 533 2099; x_wconf 78' lang='lat' dir='ltr'>aliter</span> <span class='ocrx_word' id='word_1_157' title='bbox 547 2035 670 2099; x_wconf 85' lang='lat' dir='ltr'>¹seilicet</span> <span class='ocrx_word' id='word_1_158' title='bbox 692 2041 907 2100; x_wconf 81' lang='lat' dir='ltr'>testamentum</span> <span class='ocrx_word' id='word_1_159' title='bbox 929 2040 1028 2100; x_wconf 81' lang='lat' dir='ltr'>facere</span> <span class='ocrx_word' id='word_1_160' title='bbox 1052 2042 1118 2116; x_wconf 92' lang='lat' dir='ltr'>pot·</span> 
     </span>
     <span class='ocr_line' id='line_1_21' title="bbox 109 2128 1119 2206; baseline -0.002 -16"><span class='ocrx_word' id='word_1_161' title='bbox 109 2131 196 2190; x_wconf 81' lang='lat' dir='ltr'>erent</span> <span class='ocrx_word' id='word_1_162' title='bbox 219 2147 309 2206; x_wconf 82' lang='lat' dir='ltr'>quum</span> <span class='ocrx_word' id='word_1_163' title='bbox 326 2130 453 2204; x_wconf 83' lang='lat' dir='ltr'>petrono</span> <span class='ocrx_word' id='word_1_164' title='bbox 472 2132 600 2188; x_wconf 77' lang='lat' dir='ltr'>auctore.</span> <span class='ocrx_word' id='word_1_165' title='bbox 641 2128 744 2206; x_wconf 84' lang='lat' dir='ltr'>itaque</span> <span class='ocrx_word' id='word_1_166' title='bbox 764 2128 826 2189; x_wconf 83' lang='lat' dir='ltr'>sive</span> <span class='ocrx_word' id='word_1_167' title='bbox 846 2130 951 2188; x_wconf 81' lang='lat' dir='ltr'>auctor</span> <span class='ocrx_word' id='word_1_168' title='bbox 969 2128 1006 2189; x_wconf 86' lang='lat' dir='ltr'>ed</span> <span class='ocrx_word' id='word_1_169' title='bbox 1025 2131 1119 2188; x_wconf 84' lang='lat' dir='ltr'>teste·</span> 
     </span>
     <span class='ocr_line' id='line_1_22' title="bbox 105 2211 1122 2294; baseline -0.001 -16"><span class='ocrx_word' id='word_1_170' title='bbox 105 2219 246 2278; x_wconf 81' lang='lat' dir='ltr'>¹mentum</span> <span class='ocrx_word' id='word_1_171' title='bbox 271 2217 441 2277; x_wconf 83' lang='lat' dir='ltr'>faciendum</span> <span class='ocrx_word' id='word_1_172' title='bbox 468 2219 567 2278; x_wconf 81' lang='lat' dir='ltr'>fectus</span> <span class='ocrx_word' id='word_1_173' title='bbox 594 2220 672 2293; x_wconf 80' lang='lat' dir='ltr'>erat,</span> <span class='ocrx_word' id='word_1_174' title='bbox 704 2211 779 2294; x_wconf 81' lang='lat' dir='ltr'>&lt;eut</span> <span class='ocrx_word' id='word_1_175' title='bbox 807 2217 864 2278; x_wconf 88' lang='lat' dir='ltr'>sibi</span> <span class='ocrx_word' id='word_1_176' title='bbox 892 2218 1042 2294; x_wconf 75' lang='lat' dir='ltr'>imputare</span> <span class='ocrx_word' id='word_1_177' title='bbox 1070 2218 1122 2277; x_wconf 89' lang='lat' dir='ltr'>de·</span> 
     </span>
     <span class='ocr_line' id='line_1_23' title="bbox 110 2300 1122 2386; baseline -0.002 -20"><span class='ocrx_word' id='word_1_178' title='bbox 110 2307 214 2384; x_wconf 83' lang='lat' dir='ltr'>bebet,</span> <span class='ocrx_word' id='word_1_179' title='bbox 244 2307 324 2383; x_wconf 88' lang='lat' dir='ltr'>quod</span> <span class='ocrx_word' id='word_1_180' title='bbox 346 2307 432 2366; x_wconf 88' lang='lat' dir='ltr'>heres</span> <span class='ocrx_word' id='word_1_181' title='bbox 455 2307 493 2366; x_wconf 87' lang='lat' dir='ltr'>eb</span> <span class='ocrx_word' id='word_1_182' title='bbox 517 2302 573 2386; x_wconf 85' lang='lat' dir='ltr'>ee&gt;</span> <span class='ocrx_word' id='word_1_183' title='bbox 595 2300 740 2384; x_wconf 84' lang='lat' dir='ltr'>reliot&lt;us</span> <span class='ocrx_word' id='word_1_184' title='bbox 762 2325 823 2366; x_wconf 93' lang='lat' dir='ltr'>non</span> <span class='ocrx_word' id='word_1_185' title='bbox 845 2310 923 2379; x_wconf 84' lang='lat' dir='ltr'>erat,</span> <span class='ocrx_word' id='word_1_186' title='bbox 947 2309 1000 2366; x_wconf 83' lang='lat' dir='ltr'>cut</span> <span class='ocrx_word' id='word_1_187' title='bbox 1021 2306 1122 2382; x_wconf 87' lang='lat' dir='ltr'>ipsum</span> 
     </span>
     <span class='ocr_line' id='line_1_24' title="bbox 110 2389 1121 2478; baseline -0.004 -20"><span class='ocrx_word' id='word_1_188' title='bbox 110 2415 148 2458; x_wconf 86' lang='lat' dir='ltr'>ex</span> <span class='ocrx_word' id='word_1_189' title='bbox 173 2397 368 2474; x_wconf 81' lang='lat' dir='ltr'>testamento,</span> <span class='ocrx_word' id='word_1_190' title='bbox 401 2395 427 2454; x_wconf 89' lang='lat' dir='ltr'>si</span> <span class='ocrx_word' id='word_1_191' title='bbox 453 2396 540 2456; x_wconf 88' lang='lat' dir='ltr'>heres</span> <span class='ocrx_word' id='word_1_192' title='bbox 567 2389 690 2478; x_wconf 39' lang='lat' dir='ltr'>inpetus</span> <span class='ocrx_word' id='word_1_193' title='bbox 718 2398 796 2470; x_wconf 82' lang='lat' dir='ltr'>eret,</span> <span class='ocrx_word' id='word_1_194' title='bbox 827 2395 1009 2471; x_wconf 76' lang='lat' dir='ltr'>sequebatur</span> <span class='ocrx_word' id='word_1_195' title='bbox 1036 2395 1121 2455; x_wconf 87' lang='lat' dir='ltr'>here·</span> 
     </span>
     <span class='ocr_line' id='line_1_25' title="bbox 105 2478 1121 2561; baseline -0.001 -18"><span class='ocrx_word' id='word_1_196' title='bbox 105 2478 212 2545; x_wconf 58' lang='lat' dir='ltr'>‘niuei</span> <span class='ocrx_word' id='word_1_197' title='bbox 262 2483 314 2543; x_wconf 88' lang='lat' dir='ltr'>sed</span> <span class='ocrx_word' id='word_1_198' title='bbox 344 2485 452 2561; x_wconf 82' lang='lat' dir='ltr'>postes</span> <span class='ocrx_word' id='word_1_199' title='bbox 482 2484 531 2543; x_wconf 84' lang='lat' dir='ltr'>lex</span> <span class='ocrx_word' id='word_1_200' title='bbox 561 2483 654 2558; x_wconf 80' lang='lat' dir='ltr'>Pupia</span> <span class='ocrx_word' id='word_1_201' title='bbox 686 2486 830 2558; x_wconf 83' lang='lat' dir='ltr'>quattuor</span> <span class='ocrx_word' id='word_1_202' title='bbox 860 2483 1025 2542; x_wconf 88' lang='lat' dir='ltr'>liberorum</span> <span class='ocrx_word' id='word_1_203' title='bbox 1056 2483 1121 2542; x_wconf 84' lang='lat' dir='ltr'>iure</span> 
     </span>
     <span class='ocr_line' id='line_1_26' title="bbox 110 2569 1123 2648; baseline -0.002 -16"><span class='ocrx_word' id='word_1_204' title='bbox 110 2572 269 2633; x_wconf 80' lang='lat' dir='ltr'>libertinae</span> <span class='ocrx_word' id='word_1_205' title='bbox 300 2573 398 2631; x_wconf 85' lang='lat' dir='ltr'>tutele</span> <span class='ocrx_word' id='word_1_206' title='bbox 429 2574 624 2648; x_wconf 78' lang='lat' dir='ltr'>patronorum</span> <span class='ocrx_word' id='word_1_207' title='bbox 650 2569 791 2629; x_wconf 81' lang='lat' dir='ltr'>liberavit</span> <span class='ocrx_word' id='word_1_208' title='bbox 817 2572 848 2628; x_wconf 89' lang='lat' dir='ltr'>et</span> <span class='ocrx_word' id='word_1_209' title='bbox 875 2589 910 2629; x_wconf 92' lang='lat' dir='ltr'>eo</span> <span class='ocrx_word' id='word_1_210' title='bbox 938 2570 1025 2630; x_wconf 86' lang='lat' dir='ltr'>modo</span> <span class='ocrx_word' id='word_1_211' title='bbox 1055 2589 1123 2630; x_wconf 90' lang='lat' dir='ltr'>oon·</span> 
     </span>
     <span class='ocr_line' id='line_1_27' title="bbox 110 2657 1125 2723; baseline -0.005 0"><span class='ocrx_word' id='word_1_212' title='bbox 110 2662 202 2723; x_wconf 78' lang='lat' dir='ltr'>cessit</span> <span class='ocrx_word' id='word_1_213' title='bbox 233 2660 277 2722; x_wconf 89' lang='lat' dir='ltr'>eis</span> <span class='ocrx_word' id='word_1_214' title='bbox 309 2661 401 2720; x_wconf 86' lang='lat' dir='ltr'>etism</span> <span class='ocrx_word' id='word_1_215' title='bbox 434 2660 497 2719; x_wconf 88' lang='lat' dir='ltr'>sine</span> <span class='ocrx_word' id='word_1_216' title='bbox 529 2659 638 2719; x_wconf 87' lang='lat' dir='ltr'>tutoris</span> <span class='ocrx_word' id='word_1_217' title='bbox 671 2657 850 2716; x_wconf 76' lang='lat' dir='ltr'>anctoritate</span> <span class='ocrx_word' id='word_1_218' title='bbox 878 2657 1004 2717; x_wconf 81' lang='lat' dir='ltr'>condere</span> <span class='ocrx_word' id='word_1_219' title='bbox 1034 2660 1125 2718; x_wconf 80' lang='lat' dir='ltr'>teste·</span> 
     </span>
     <span class='ocr_line' id='line_1_28' title="bbox 110 2745 1124 2824; baseline -0.008 -12"><span class='ocrx_word' id='word_1_220' title='bbox 110 2753 256 2812; x_wconf 88' lang='lat' dir='ltr'>mentum.</span> <span class='ocrx_word' id='word_1_221' title='bbox 300 2749 365 2809; x_wconf 76' lang='lat' dir='ltr'>sui.</span> <span class='ocrx_word' id='word_1_222' title='bbox 388 2751 416 2824; x_wconf 88' lang='lat'>3,</span> <span class='ocrx_word' id='word_1_223' title='bbox 437 2750 490 2809; x_wconf 84' lang='lat'>43.</span> <span class='ocrx_word' id='word_1_224' title='bbox 515 2749 567 2808; x_wconf 87' lang='grc'>44.</span> <span class='ocrx_word' id='word_1_225' title='bbox 614 2748 810 2824; x_wconf 74' lang='lat' dir='ltr'>patronorum</span> <span class='ocrx_word' id='word_1_226' title='bbox 832 2745 986 2823; x_wconf 81' lang='lat' dir='ltr'>legitimae</span> <span class='ocrx_word' id='word_1_227' title='bbox 1008 2747 1124 2806; x_wconf 77' lang='lat' dir='ltr'>tutelae</span> 
     </span>
     <span class='ocr_line' id='line_1_29' title="bbox 111 2834 1125 2914; baseline -0.008 -13"><span class='ocrx_word' id='word_1_228' title='bbox 111 2841 163 2903; x_wconf 89' lang='lat' dir='ltr'>vel</span> <span class='ocrx_word' id='word_1_229' title='bbox 176 2836 322 2899; x_wconf 81' lang='lat' dir='ltr'>Antonini</span> <span class='ocrx_word' id='word_1_230' title='bbox 334 2837 382 2896; x_wconf 89' lang='lat' dir='ltr'>Pii</span> <span class='ocrx_word' id='word_1_231' title='bbox 400 2840 499 2897; x_wconf 82' lang='lat' dir='ltr'>estete</span> <span class='ocrx_word' id='word_1_232' title='bbox 513 2838 573 2897; x_wconf 88' lang='lat' dir='ltr'>vim</span> <span class='ocrx_word' id='word_1_233' title='bbox 592 2836 725 2914; x_wconf 79' lang='lat' dir='ltr'>aliquem</span> <span class='ocrx_word' id='word_1_234' title='bbox 743 2834 852 2895; x_wconf 81' lang='lat' dir='ltr'>hebere</span> <span class='ocrx_word' id='word_1_235' title='bbox 871 2834 1125 2912; x_wconf 79' lang='lat' dir='ltr'>intellegebantur</span> 
     </span>
     <span class='ocr_line' id='line_1_30' title="bbox 112 2923 1124 3006; baseline -0.007 -17"><span class='ocrx_word' id='word_1_236' title='bbox 112 2948 149 2990; x_wconf 92' lang='lat' dir='ltr'>eo</span> <span class='ocrx_word' id='word_1_237' title='bbox 173 2928 253 3006; x_wconf 86' lang='lat' dir='ltr'>quod</span> <span class='ocrx_word' id='word_1_238' title='bbox 270 2927 304 2986; x_wconf 90' lang='lat' dir='ltr'>hi</span> <span class='ocrx_word' id='word_1_239' title='bbox 322 2927 360 2987; x_wconf 81' lang='lat' dir='ltr'>sd</span> <span class='ocrx_word' id='word_1_240' title='bbox 382 2928 597 3005; x_wconf 83' lang='lat' dir='ltr'>testamentum</span> <span class='ocrx_word' id='word_1_241' title='bbox 619 2923 789 2985; x_wconf 75' lang='lat' dir='ltr'>faciendum</span> <span class='ocrx_word' id='word_1_242' title='bbox 812 2926 950 2984; x_wconf 83' lang='lat' dir='ltr'>suctores</span> <span class='ocrx_word' id='word_1_243' title='bbox 972 2923 1037 2983; x_wconf 91' lang='lat' dir='ltr'>fieri</span> <span class='ocrx_word' id='word_1_244' title='bbox 1064 2941 1124 2983; x_wconf 89' lang='lat' dir='ltr'>non</span> 
     </span>
     <span class='ocr_line' id='line_1_31' title="bbox 110 3015 552 3097; baseline -0.009 -19"><span class='ocrx_word' id='word_1_245' title='bbox 110 3017 308 3097; x_wconf 78' lang='lat' dir='ltr'>cogebantur.</span> <span class='ocrx_word' id='word_1_246' title='bbox 354 3015 420 3076; x_wconf 77' lang='lat' dir='ltr'>(isi.</span> <span class='ocrx_word' id='word_1_247' title='bbox 436 3018 464 3094; x_wconf 86' lang='lat'>1,</span> <span class='ocrx_word' id='word_1_248' title='bbox 481 3018 552 3077; x_wconf 88' lang='grc'>192.</span> 
     </span>
    </p>
   </div>
   <div class='ocr_carea' id='block_1_8' title="bbox 472 3165 768 3234">
    <p class='ocr_par' dir='ltr' id='par_1_8' title="bbox 472 3165 768 3234">
     <span class='ocr_line' id='line_1_32' title="bbox 472 3165 768 3234; baseline 0 -14"><span class='ocrx_word' id='word_1_249' title='bbox 472 3167 610 3222; x_wconf 63' lang='lat' dir='ltr'>Adscendo</span> <span class='ocrx_word' id='word_1_250' title='bbox 628 3165 768 3234; x_wconf 68' lang='lat' dir='ltr'>eumdum.</span> 
     </span>
    </p>
   </div>
   <div class='ocr_carea' id='block_1_9' title="bbox 113 3263 1127 3696">
    <p class='ocr_par' dir='ltr' id='par_1_9' title="bbox 113 3263 1127 3696">
     <span class='ocr_line' id='line_1_33' title="bbox 205 3263 1127 3352; baseline -0.004 -18"><span class='ocrx_word' id='word_1_251' title='bbox 205 3270 248 3334; x_wconf 78' lang='lat'>4?</span> <span class='ocrx_word' id='word_1_252' title='bbox 267 3268 306 3334; x_wconf 92' lang='lat' dir='ltr'>D.</span> <span class='ocrx_word' id='word_1_253' title='bbox 317 3269 368 3352; x_wconf 86' lang='lat'>28,</span> <span class='ocrx_word' id='word_1_254' title='bbox 380 3269 408 3352; x_wconf 89' lang='lat'>1,</span> <span class='ocrx_word' id='word_1_255' title='bbox 418 3269 470 3351; x_wconf 87' lang='grc'>21,</span> <span class='ocrx_word' id='word_1_256' title='bbox 480 3269 510 3334; x_wconf 82' lang='grc'>8.</span> <span class='ocrx_word' id='word_1_257' title='bbox 542 3265 704 3350; x_wconf 88' lang='lat' dir='ltr'>Ulpianus</span> <span class='ocrx_word' id='word_1_258' title='bbox 723 3265 808 3330; x_wconf 91' lang='lat' dir='ltr'>libro</span> <span class='ocrx_word' id='word_1_259' title='bbox 827 3264 967 3330; x_wconf 89' lang='lat' dir='ltr'>secundo</span> <span class='ocrx_word' id='word_1_260' title='bbox 982 3265 1021 3329; x_wconf 83' lang='lat' dir='ltr'>ed</span> <span class='ocrx_word' id='word_1_261' title='bbox 1037 3263 1127 3331; x_wconf 82' lang='lat' dir='ltr'>Sabi·</span> 
     </span>
     <span class='ocr_line' id='line_1_34' title="bbox 113 3354 1125 3444; baseline -0.003 -21"><span class='ocrx_word' id='word_1_262' title='bbox 113 3381 194 3424; x_wconf 90' lang='lat' dir='ltr'>num</span> <span class='ocrx_word' id='word_1_263' title='bbox 213 3354 264 3444; x_wconf 90' lang='lat' dir='ltr'>(P.</span> <span class='ocrx_word' id='word_1_264' title='bbox 277 3355 391 3444; x_wconf 88' lang='grc'>2438).</span> <span class='ocrx_word' id='word_1_265' title='bbox 408 3393 453 3404; x_wconf 93' lang='lat'><em>-</em></span> <span class='ocrx_word' id='word_1_266' title='bbox 472 3355 545 3422; x_wconf 92' lang='lat' dir='ltr'>Uno</span> <span class='ocrx_word' id='word_1_267' title='bbox 570 3357 722 3419; x_wconf 84' lang='lat' dir='ltr'>contextu</span> <span class='ocrx_word' id='word_1_268' title='bbox 744 3358 834 3419; x_wconf 85' lang='lat' dir='ltr'>actus</span> <span class='ocrx_word' id='word_1_269' title='bbox 853 3355 967 3419; x_wconf 81' lang='lat' dir='ltr'>testari</span> <span class='ocrx_word' id='word_1_270' title='bbox 987 3358 1125 3440; x_wconf 86' lang='lat' dir='ltr'>oportet.</span> 
     </span>
     <span class='ocr_line' id='line_1_35' title="bbox 207 3442 1127 3530; baseline -0.002 -18"><span class='ocrx_word' id='word_1_271' title='bbox 207 3445 251 3512; x_wconf 79' lang='lat'>5?</span> <span class='ocrx_word' id='word_1_272' title='bbox 276 3446 313 3512; x_wconf 88' lang='lat' dir='ltr'>D·.</span> <span class='ocrx_word' id='word_1_273' title='bbox 327 3446 380 3529; x_wconf 86' lang='grc'>28,</span> <span class='ocrx_word' id='word_1_274' title='bbox 396 3448 425 3524; x_wconf 89' lang='grc'>1,</span> <span class='ocrx_word' id='word_1_275' title='bbox 438 3446 492 3530; x_wconf 88' lang='grc'>20,</span> <span class='ocrx_word' id='word_1_276' title='bbox 506 3445 535 3510; x_wconf 95' lang='grc'>8.</span> <span class='ocrx_word' id='word_1_277' title='bbox 580 3442 741 3528; x_wconf 81' lang='lat' dir='ltr'>Ulpianus</span> <span class='ocrx_word' id='word_1_278' title='bbox 770 3443 852 3508; x_wconf 89' lang='lat' dir='ltr'>libro</span> <span class='ocrx_word' id='word_1_279' title='bbox 875 3443 982 3528; x_wconf 89' lang='lat' dir='ltr'>primo</span> <span class='ocrx_word' id='word_1_280' title='bbox 1007 3445 1046 3508; x_wconf 84' lang='lat' dir='ltr'>ad</span> <span class='ocrx_word' id='word_1_281' title='bbox 1070 3442 1127 3510; x_wconf 82' lang='lat' dir='ltr'>Sa·</span> 
     </span>
     <span class='ocr_line' id='line_1_36' title="bbox 115 3531 1127 3620; baseline -0.001 -21"><span class='ocrx_word' id='word_1_282' title='bbox 115 3535 230 3600; x_wconf 89' lang='lat' dir='ltr'>binum</span> <span class='ocrx_word' id='word_1_283' title='bbox 255 3531 302 3620; x_wconf 87' lang='lat' dir='ltr'>(P.</span> <span class='ocrx_word' id='word_1_284' title='bbox 318 3532 442 3620; x_wconf 78' lang='lat'>24300).</span> <span class='ocrx_word' id='word_1_285' title='bbox 466 3572 508 3580; x_wconf 98' lang='lat'><em>-</em></span> <span class='ocrx_word' id='word_1_286' title='bbox 533 3535 723 3599; x_wconf 84' lang='lat' dir='ltr'>...veteres</span> <span class='ocrx_word' id='word_1_287' title='bbox 750 3536 947 3618; x_wconf 82' lang='lat' dir='ltr'>putaverunt</span> <span class='ocrx_word' id='word_1_288' title='bbox 975 3555 1043 3620; x_wconf 90' lang='lat' dir='ltr'>eos,</span> <span class='ocrx_word' id='word_1_289' title='bbox 1071 3531 1127 3618; x_wconf 88' lang='lat' dir='ltr'>qui</span> 
     </span>
     <span class='ocr_line' id='line_1_37' title="bbox 171 3643 914 3696; baseline 0.004 -9"><span class='ocrx_word' id='word_1_290' title='bbox 171 3646 399 3696; x_wconf 71' lang='lat' dir='ltr'>Innepmtenenr.</span> <span class='ocrx_word' id='word_1_291' title='bbox 414 3647 625 3690; x_wconf 66' lang='lat' dir='ltr'>nomenniomen.</span> <span class='ocrx_word' id='word_1_292' title='bbox 648 3646 679 3689; x_wconf 84' lang='lat'>11.</span> <span class='ocrx_word' id='word_1_293' title='bbox 881 3643 914 3694; x_wconf 82' lang='grc'>27</span> 
     </span>
    </p>
   </div>
   <div class='ocr_carea' id='block_1_10' title="bbox 0 0 1278 3888">
    <p class='ocr_par' dir='ltr' id='par_1_10' title="bbox 0 0 1278 3888">
     <span class='ocr_line' id='line_1_38' title="bbox 0 0 1278 3888; baseline 0 0"><span class='ocrx_word' id='word_1_294' title='bbox 0 0 1278 3888; x_wconf 95' lang='lat' dir='ltr'> </span> 
     </span>
    </p>
   </div>
  </div>
 </body>
</html>
