2506 3880
175 146 238 210 176
274 146 295 199 Ι.
318 143 475 198 AETATIS
493 142 652 199 AUGUSTI
670 143 716 197 ET
735 143 871 198 TIBERII
889 142 985 198 IURIS
1006 141 1186 198 CONSULTI

261 313 367 389 Itaque
396 329 462 370 eum
491 312 677 390 aliquamdiu
704 316 735 371 et
761 312 856 388 ipsius
880 311 1027 371 Labeonis
1054 310 1125 370 libri
1153 315 1186 371 et

173 401 308 462 Iauoleni
331 401 460 476 epitome
478 403 558 461 notis
577 400 745 460 utilissimis
763 400 911 460 instrueta
929 400 1018 460 simul
1036 400 1075 459 ad
1092 419 1187 460 usum

173 493 294 566 praesto
318 489 439 568 fuerint,
463 489 595 549 dubitari
612 492 723 567 potest,
746 509 785 548 en
802 489 873 548 libri
892 494 1017 566 quartus
1036 491 1068 548 'et
1084 508 1185 549 nonus

173 578 212 636 ab
231 577 361 653 Ulpiano
386 579 424 636 ad
442 577 586 637 Sabinum
609 579 726 637 laudati
748 577 850 654 potius
874 581 912 636 ad
929 579 1014 636 illam
1032 578 1187 655 epitomen

172 666 320 726 referendi
348 666 415 726 sint.
462 669 494 726 at
522 670 701 744 argumenta
730 667 968 744 fragmentorum
997 667 1022 725 si
1050 667 1130 726 inter
1153 686 1188 726 se

176 756 405 832 comparaveris,
424 775 564 832 magnam
581 756 613 815 in
631 755 756 833 quartis,
774 756 918 815 maiorem
937 756 1028 815 etiam
1047 756 1079 814 in
1096 756 1187 815 nonis

175 844 309 904 invenies
339 844 622 916 dissimilitudinem,
653 848 687 903 ut
709 844 874 920 Ulpianum
902 863 956 904 sua
979 863 1014 904 ex
1036 845 1101 920 ipso
1125 845 1188 904 La-

175 933 267 992 beone
305 933 439 992 hausisse
475 932 563 992 facile
597 933 749 992 concedas,
803 953 892 1008 perro
929 934 954 992 si
991 933 1066 1010 quia,
1103 936 1188 1008 quod

174 1021 210 1080 D.
226 1023 278 1098 40,
295 1025 345 1098 12,
359 1024 400 1080 42
429 1022 574 1097 seriptum
601 1021 684 1081 videt
707 1017 819 1082 ‘Labeo
846 1022 923 1081 libro
953 1025 1061 1098 quarto
1084 1025 1188 1097 poste·

174 1104 310 1187 rierum',
346 1110 413 1171 ideo
447 1109 621 1170 Tritoniani
653 1113 809 1176 auctorem
840 1111 939 1187 ipsum
971 1111 1057 1169 illum
1089 1111 1188 1171 fuisse

176 1199 359 1278 suspicetur,
388 1199 460 1258 satis
484 1199 540 1258 erit
563 1199 712 1258 monuisse
735 1202 765 1259 et
788 1200 820 1258 in
842 1200 901 1258 fine
924 1200 1086 1277 fragmenti
1108 1200 1185 1278 legi:

174 1283 358 1348 ‘Iauolenum
382 1289 454 1347 haee
477 1307 549 1348 vera
572 1281 654 1347 sunt'
678 1292 709 1346 et
731 1281 859 1347 indicem
882 1288 1090 1348 Florentinum
1113 1282 1186 1348 ‘La-

174 1376 280 1437 beonis
307 1376 508 1453 posteriorum
539 1377 638 1454 βιβλία
670 1371 751 1436 δέκα’
779 1369 852 1458 (non
879 1369 1101 1458 τετταράκοντα)
1131 1396 1187 1436 no·

173 1484 298 1525 mmare.
869 1493 870 1496 ¹

265 1553 411 1614 Labeonis
434 1554 567 1630 integras
591 1555 754 1614 sententias
778 1555 803 1614 si
822 1555 888 1630 quis
917 1572 1082 1630 proponere
1101 1553 1188 1631 velit,

176 1661 236 1702 non
262 1662 330 1702 raro
358 1644 389 1702 in
412 1643 545 1704 Iauoleni
568 1643 775 1720 Labeonisque
803 1635 958 1702 sententiis
983 1643 1187 1703 discernendis

104 1803 106 1807 Ι
176 1731 319 1796 haerebit.
361 1733 464 1808 itaque
485 1732 626 1792 fidentius
649 1752 741 1808 quam
762 1733 873 1792 reetius
896 1732 933 1790 H.
952 1732 1075 1791 Perniee
1093 1750 1121 1806 p.
1140 1734 1191 1795 48.

177 1813 263 1879 dieit:
287 1815 369 1879 ‘Man
392 1821 462 1880 darf
478 1821 587 1880 darauf
602 1823 746 1898 reohnen,
764 1822 811 1880 die
829 1821 935 1881 Worte
954 1821 1077 1894 Labeos
1099 1821 1188 1880 nieht

175 1907 313 1969 Iavolens
346 1929 400 1969 vor
432 1909 495 1968 siah
526 1930 563 1968 zu
596 1905 715 1970 haben'.
748 1910 882 1969 sautius
909 1909 1044 1988 Krueger
1065 1930 1093 1985 p.
1120 1912 1185 1970 163

175 2015 205 2054 n.
227 1999 288 2056 138
312 1997 376 2060 fieri
398 2016 484 2072 posse
507 1998 630 2071 iudieat,
654 2002 687 2058 ut
706 1998 870 2058 sententiae
890 2017 992 2058 omnes
1012 1999 1050 2057 ad
1067 1997 1187 2057 Labeo-

175 2102 243 2142 nem
280 2089 361 2144 reote
398 2086 566 2145 referantur
603 2079 749 2167 (‘werden
781 2089 860 2148 wohl
893 2086 1100 2165 durehgtngig
1132 2090 1191 2146 auf

176 2171 276 2232 Labeo
294 2168 537 2254 zurdokgehen').
565 2175 602 2235 ef.
616 2175 652 2234 A.
668 2175 791 2235 Pernioe
809 2176 884 2237 171.
920 2179 952 2235 at
966 2177 996 2234 iu
1010 2175 1187 2235 memoriam

177 2262 375 2320 revocandum
395 2264 449 2340 est,
467 2263 547 2338 quod
566 2264 601 2321 de
621 2264 746 2340 geminis
764 2265 825 2324 illis
844 2265 1022 2344 fragmentis
1036 2264 1072 2326 D.
1088 2265 1139 2342 23,
1155 2267 1187 2342 3,

178 2351 220 2408 80
240 2354 270 2409 et
290 2352 330 2409 83
355 2349 469 2410 dietum
492 2355 550 2410 est:
574 2346 636 2411 ‘sie
659 2353 754 2430 geben
778 2354 864 2413 einen
886 2353 1063 2431 Fingerzeig
1086 2353 1186 2431 dafttr,

176 2437 232 2498 wie
256 2438 303 2498 die
326 2439 512 2499 zahlreiehen
536 2439 649 2500 Stellen
748 2444 925 2503 entstanden
951 2443 1014 2503 sein
1036 2443 1187 2522 mdehten,

176 2526 224 2586 die
247 2527 387 2606 ledigliah
409 2528 495 2588 einen
513 2530 662 2606 positiven
680 2531 854 2591 Rechtssatz
872 2533 1047 2592 feststellen.
1085 2531 1186 2590 Mehr-

176 2616 245 2674 faoh
276 2617 352 2677 wird
385 2618 450 2677 hier
482 2619 531 2678 ein
564 2618 776 2696 Widerspruah
807 2621 949 2682 devolans
986 2639 1082 2698 gagen
1118 2621 1186 2680 eine

104 2713 106 2717 “
175 2705 319 2784 Meinung
346 2702 464 2767 Labeos
492 2709 586 2767 durch
610 2709 916 2788 Zusammenziehung
943 2710 1084 2788 beseitigt
1111 2710 1186 2769 sein.

176 2793 243 2852 Wir
266 2795 372 2853 ditrfen
395 2795 475 2855 diese
499 2795 612 2856 Stellen
635 2798 776 2857 demnaoh
800 2818 857 2858 nur
879 2800 935 2858 mit
958 2803 1090 2876 grb'sster
1108 2797 1186 2858 Vor-

177 2883 255 2942 sieht
277 2883 322 2942 als
345 2884 533 2943 labeonisohe
557 2882 736 2944 behandeln'
759 2887 881 2947 Perniee
899 2888 980 2947 180.

264 2972 366 3048 Atque
393 2975 482 3032 notae
510 2973 630 3049 quidem
657 2974 838 3036 alavoleno
861 2976 980 3036 additae
1008 2977 1188 3054 plerumque

177 3061 353 3135 conspicuae
382 3066 460 3120 sunt.
507 3062 560 3120 sed
584 3061 615 3121 in
637 3063 741 3122 multis
766 3065 942 3142 fragmentis
965 3067 1108 3143 leguntur
1132 3069 1189 3125 aut

176 3149 262 3207 talia:
286 3152 367 3227 pute,
390 3151 493 3230 probo,
515 3151 620 3229 sentio,
644 3152 788 3230 existimo,
812 3154 959 3233 respondi,
978 3154 1048 3232 diri,
1066 3155 1187 3234 negavi,

177 3240 230 3296 aut
256 3238 343 3297 talia:
376 3240 477 3317 putat,
507 3241 629 3318 probat,
656 3243 759 3321 negat,
788 3243 844 3320 uit,
871 3244 1034 3322 existimat,
1062 3247 1099 3302 ut
1126 3263 1190 3304 non

177 3325 250 3384 satis
283 3331 439 3406 appareat,
472 3330 508 3388 de
527 3332 609 3388 *utro
638 3330 769 3408 dicatur,
801 3332 941 3392 Iauoleno
971 3351 1009 3392 an
1036 3332 1189 3412 Labeone,

177 3429 244 3470 oum
267 3414 299 3473 iu
322 3417 389 3476 aliis
411 3417 516 3477 multis
539 3418 718 3494 fragmentis
740 3419 841 3480 Labeo
864 3425 967 3497 aperte
991 3421 1189 3499 significetur.

269 3502 410 3564 Fortasse
439 3506 582 3565 sermonis
606 3509 751 3584 quaedam
774 3510 975 3587 proprietates
997 3511 1030 3569 in
1051 3510 1191 3572 Iauoleni
