2506 3880
154 148 220 212 104
255 149 275 204 Ι.
298 146 454 204 AETATIS
472 146 632 204 AUGUSTI
649 147 696 202 ΕΤ
714 147 851 203 TIBERII
867 146 964 203 IUltlS
983 147 1154 203 CONSULTI

148 311 228 377 culis
257 309 383 376 fuisset.
429 310 513 396 quod
541 332 607 376 non
636 310 740 377 solum
763 311 804 376 ad
828 334 901 377 eum
923 311 1077 398 pertinet,
1104 314 1155 397 qni

149 398 281 483 publica
308 399 455 465 custodia
481 404 660 484 coercetur,
689 399 745 465 sed
772 399 813 464 ed
841 422 915 466 eum
938 421 1076 486 quoque,
1104 402 1156 486 qui

151 509 170 551 a
192 487 374 553 latronibus
394 489 450 553 aut
467 489 685 573 praedonibus
703 489 754 555 vel
773 491 957 575 potentiore
974 490 1007 553 vi
1026 509 1155 576 oppres-

150 598 204 642 sus
227 575 367 642 vinculis
395 575 693 664 coercebatur...)
716 577 898 643 custodiam
924 582 1033 643 antem
1056 577 1154 644 solum

147 665 309 750 publicam
333 665 434 750 accipi
457 665 565 732 Labeo
589 669 692 750 putat.

235 779 288 846 45.
321 780 361 847 D.
382 782 413 862 4,
431 782 461 866 6,
480 782 522 847 13
536 805 584 865 pr.
633 781 753 846 Paulus
785 782 869 848 libro
902 780 1091 848 duodecimo
1119 783 1154 847 ad

148 867 287 934 edictum
307 867 356 956 (P.
370 869 460 955 227).
481 907 519 918 -
611 869 720 936 Labeo
743 870 790 936 ait
813 892 886 936 eum
908 893 974 937 non
995 871 1156 955 contineri,

148 959 204 1041 qui
231 958 314 1023 liber
341 963 374 1023 et
401 959 494 1024 heres
518 959 686 1025 institutus
711 959 767 1044 sit,
794 964 968 1045 antequam
993 960 1035 1025 sit
1056 959 1155 1043 heres,

148 1047 224 1199 puio
241 1069 301 1112 neo
324 1047 410 1112 bona
433 1048 552 1114 habeat
574 1052 608 1113 et
629 1051 761 1133 praetor
784 1049 822 1114 de
845 1048 956 1114 liberis
974 1049 1155 1114 hominibus

163 1142 310 1220 equatur.
871 1177 873 1182 .

236 1243 289 1308 46.
317 1241 356 1308 D.
375 1244 410 1325 4,
427 1243 457 1327 6,
478 1244 528 1328 ll,
548 1245 577 1309 1.
627 1241 784 1328 Ulpianus
811 1243 897 1309 libro
925 1242 1094 1308 undecimo
1120 1243 1156 1308 ad

149 1330 290 1397 edictum
308 1329 357 1417 (P.
371 1331 474 1418 432⁸).
493 1367 535 1380 ·-
554 1331 639 1396 Eum
661 1354 787 1418 qnoque
805 1333 857 1396 eui
875 1332 922 1396 sic
939 1334 1085 1416 legatum
1104 1332 1155 1397 sit:

151 1419 254 1499 ‘quaec
270 1419 372 1486 ndliu¹
390 1421 425 1485 in
444 1442 546 1485 annos
570 1420 726 1506 singulos,
749 1421 866 1505 quibus
885 1421 920 1484 in
937 1419 1036 1485 ltalia
1054 1420 1157 1504 eseet’,

149 1509 395 1661 {eapituendnm
418 1514 455 1574 ut
478 1509 594 1594 capiat,
620 1512 716 1594 atque
740 1511 767 1574 si
789 1508 937 1574 initalia
959 1509 1086 1595 fuisset,

179 1619 198 1662 a
221 1618 259 1662 eo
283 1599 404 1664 scribit.

238 1714 291 1778 47.
319 1709 450 1796 D.'4,o
478 1715 530 1798 22,
549 1715 580 1778 2.
632 1677 750 1778 Paulus
781 1712 866 1778 libro
899 1711 1088 1778 duodecimo
1120 1711 1157 1777 e'd

151 1801 291 1868 edictum
314 1799 364 1889 (P.
383 1765 472 1890 2315.
492 1839 534 1848 —
558 1801 652 1879 Quod
675 1803 813 1867 edictmn
837 1801 936 1868 etiam
959 1800 1000 1865 ad
1022 1801 1157 1866 tirri'osos

151 1894 183 1955 et
204 1890 346 1956 infantes
370 1896 403 1956 et
426 1892 575 1956 civitatee
598 1891 759 1975 pertinere
782 1889 892 1956 Labeo
916 1890 969 1955 ait.

239 2005 292 2070 48.
314 2004 354 2070 D.
372 2006 403 2089 4,
418 2006 446 2083 6,
461 2006 513 2089 26,
527 2006 559 2070 4.
606 2005 763 2090 Ulpianus
791 2005 874 2070 libro
903 2005 1090 2070 duodecimo
1119 2001 1156 2069 ad

153 2093 292 2157 edietum
307 2091 356 2180 (P.
370 2090 459 2180 439).
478 2131 516 2140 -
591 2098 624 2158 et
638 2095 666 2158 si
680 2095 890 2180 magistratus
904 2093 997 2181 copia
1011 2115 1078 2160 non
1091 2093 1159 2175 fuit,

153 2179 263 2246 Labeo
288 2183 335 2246 ait
356 2182 595 2246 restitutionem
618 2181 808 2248 faciendam.

240 2297 293 2362 49.
312 2296 351 2361 D.
364 2296 442 2361 ibid.
458 2299 477 2378 5
490 2298 519 2364 6.
537 2333 574 2344 -
650 2297 677 2363 si
691 2297 765 2363 dum
781 2297 909 2364 deereto
923 2299 1083 2383 praetoris
1097 2318 1158 2361 non

154 2383 373 2470 obtemperat,
400 2385 478 2450 iuria
507 2384 680 2451 dictionem
708 2387 738 2452 ei
761 2386 980 2473 denegaverit,
1002 2408 1070 2452 non
1093 2405 1159 2450 esse

155 2495 228 2538 eum
256 2474 491 2540 restituendum
512 2474 621 2541 Labeo
649 2476 769 2542 scribit.
814 2476 961 2560 idemque
985 2475 1012 2540 si
1036 2497 1076 2540 ex
1098 2474 1160 2539 alie

152 2564 238 2628 iusta
261 2585 358 2629 eausa
379 2585 447 2629 non
469 2565 568 2630 fuerit
591 2565 631 2630 ab
656 2587 693 2631 eo
718 2565 854 2630 auditus.

241 2679 293 2747 50.
317 2680 357 2746 D.
370 2682 402 2766 4,
415 2681 446 2762 6,
460 2682 512 2766 28,
526 2682 556 2747 3.
605 2679 764 2764 Ulpianus
796 2680 880 2745 libro
908 2677 1096 2745 duodecimo
1123 2675 1161 2741 ad

154 2769 292 2834 edictum
311 2764 361 2855 (P.
374 2766 465 2856 442).
486 2806 524 2817 -
547 2767 581 2836 Si
600 2771 670 2853 quis
691 2771 819 2853 saepius
837 2769 883 2834 rei
902 2767 1049 2853 publicae
1068 2785 1161 2833 causa

155 2857 247 2941 afuit,
271 2879 309 2921 ex
332 2857 507 2923 novissimo
530 2858 638 2922 reditu
659 2860 787 2942 tempus
810 2857 1026 2923 restitutionis
1046 2877 1114 2922 esse
1133 2853 1162 2917 ei

154 2943 402 3031 computandum
426 2943 534 3011 Labeo
557 2948 661 3030 putat.

242 3060 292 3126 51.
311 3060 350 3125 D.
365 3045 440 3125 ibid.
455 3060 516 3142 64.
529 3096 574 3107 -
589 3058 624 3124 Si
642 3080 713 3125 eum
733 3061 765 3124 in
780 3061 948 3147 provincia
966 3059 1163 3127 domicilium

153 3151 307 3234 haberes,
322 3169 408 3214 esses
434 3148 570 3232 [autem]
599 3149 634 3214 in
655 3150 744 3235 urbe,
767 3172 810 3215 an
833 3150 913 3215 mihi
936 3171 1040 3216 annus
1063 3148 1162 3227 cedat,

153 3238 461 3391 pppsioeplipppriundi
489 3241 686 3322 potestatem
712 3237 873 3305 babeam?
919 3241 952 3303 et
980 3239 1028 3304 eit
1055 3237 1162 3364 Labeo

196 3477 200 3486 ⁸
227 3519 242 3568 1
262 3515 309 3569 Fl.
327 3517 381 3572 vel.
399 3518 499 3573 emend.
517 3518 610 3574 Leuel.
681 3535 683 3542 ’
