2508 3896
142 202 209 266 530
245 202 279 257 ΙΙ.
303 201 371 257 ΤΙΒ.
395 199 471 255 eun
495 200 624 256 OLAUD,
648 199 783 256 Nason,
808 200 1031 258 sensisses
1051 202 1157 260 OONS.

140 372 227 431 iussu
254 369 333 446 eius,
362 368 432 428 dum
455 388 563 445 sponso
586 369 720 429 mulieris
745 369 808 429 doti
830 369 924 448 dieat,
952 371 1033 446 quod
1056 371 1162 430 debet.

140 460 215 518 item
250 478 309 519 uno
340 459 482 535 loquente
515 463 545 518 et
576 460 660 517 nulla
690 460 887 534 praecedente
919 460 1164 536 interrogatione

142 548 288 623 obligatio
307 548 503 626 contrahitur,
522 548 548 607 si
566 548 694 607 libertus
708 551 834 623 patrono
849 567 955 625 operas
969 567 1000 608 se
1016 549 1161 608 daturum

141 655 205 696 esse
232 637 355 696 iuravit.
400 631 485 696 ‘haee
513 637 578 696 sola
605 656 697 696 eausa
725 640 783 712 est,
812 656 848 696 ex
876 657 935 715 qua
962 637 1162 698 iureiurando

141 725 329 785 contrahitur
357 726 501 804 obligatio
526 772 531 785 .
553 773 559 784 .
580 772 586 785 .
610 745 679 785 oum
705 726 862 801 quaeritur
890 727 926 785 de
954 727 1019 786 iure
1048 728 1160 787 Roma-

141 808 268 874 norum?
316 814 381 874 Gai.
397 817 425 875 3.
442 817 506 875 95⁸.
522 816 563 875 96
588 817 619 874 et
643 814 706 875 Gai.
721 815 791 890 epit.
808 818 836 891 2,
853 818 880 875 9.

413 1046 461 1105 1)ε
483 1047 702 1120 stipulationem
721 1048 881 1120 emersus.

231 1164 303 1229 ‘Sed
324 1171 397 1229 haee
421 1169 544 1246 quidem
563 1171 724 1229 verborum
743 1168 901 1246 obligatio:
925 1169 990 1228 dari
1010 1169 1165 1245 spondes?

141 1259 270 1337 spondeo
293 1259 415 1335 propria
438 1258 547 1318 civium
564 1258 768 1318 Romanorum
787 1253 854 1334 est’,
878 1252 964 1317 ‘adeo
979 1305 986 1318 .
1001 1301 1009 1317 .
1025 1305 1041 1334 .,
1065 1262 1103 1318 ut
1122 1278 1161 1318 ne

142 1349 263 1426 quidem
281 1349 313 1405 in
327 1347 475 1408 Graecum
495 1365 662 1407 sermonem
677 1366 731 1422 per
744 1347 1024 1424 interpretationem
1038 1348 1164 1423 proprie

141 1437 302 1498 transferri
323 1437 428 1512 possit,
452 1435 588 1513 quamvis
612 1436 729 1495 dicatur
751 1455 770 1495 a
793 1435 907 1495 Graeca
929 1454 1002 1496 voee
1025 1435 1163 1513 figurata

143 1545 216 1586 esse.
253 1525 331 1584 unde
350 1525 461 1585 dieitur
479 1544 538 1585 uuo
558 1543 628 1584 easu
647 1525 703 1585 hoo
720 1525 812 1585 verbo
831 1525 1022 1602 peregrinum
1040 1544 1166 1602 quoque

143 1616 273 1692 obligari
299 1633 398 1690 posse,
426 1614 520 1673 veluti
549 1614 575 1672 si
601 1614 765 1690 imperator
791 1616 893 1674 noster
915 1613 1082 1690 prinoipem
1106 1614 1163 1673 ali·

143 1704 227 1764 ouius
264 1703 415 1780 peregrini
449 1703 554 1778 populi
586 1703 622 1761 de
654 1721 726 1778 paee
758 1704 802 1762 ita
832 1702 1011 1780 interroget:
1048 1702 1163 1761 Pacem

143 1794 278 1852 futuram
311 1791 461 1868 spondes?
508 1793 557 1852 vel
587 1791 651 1866 ipse
671 1791 789 1851 'eodem
817 1791 905 1850 modo
932 1787 1166 1869 interrogetur'.

142 1880 206 1942 Gai.
223 1883 251 1955 3,
268 1883 318 1942 93.
334 1883 385 1941 94.

169 2008 172 2013 -
234 1964 382 2029 ‘Ceterae'
406 1970 567 2029 verborum
590 1969 790 2045 obligationes
813 1963 899 2027 ‘iuris
922 1968 1060 2045 gentium
1079 1971 1166 2043 sunt,

140 2058 245 2135 itaque
276 2059 356 2117 inter
389 2076 491 2117 omnes
524 2057 673 2135 homines,
705 2058 767 2116 sive
800 2058 879 2117 aives
912 2058 1061 2118 Romanos
1094 2058 1165 2118 sive

143 2146 331 2222 peregrinos,
363 2147 478 2218 valent,
511 2148 541 2204 et
572 2146 709 2221 quamvis
739 2146 779 2205 ad
805 2145 951 2206 Graeoam
977 2164 1081 2206 vooem
1111 2165 1165 2206 ex-

140 2252 263 2312 pressae
289 2234 416 2308 fuerint‚
446 2234 542 2293 veluti
568 2234 624 2293 hoe
648 2233 749 2296 modo:
778 2229 925 2314 <Δώσεις;
949 2233 1033 2295 δώσω
1058 2280 1064 2293 .
1088 2229 1165 2312 ὁμο-

144 2327 254 2403 amata
279 2318 709 2402 spumantemamnem
733 2323 826 2384 πίστει
848 2323 963 2384 κελεύω.
1009 2320 1166 2399 ποιήσεις;

142 2407 294 2492 motatore),
326 2415 429 2472 tamen
458 2413 538 2472 inter
569 2413 648 2473 aives
680 2413 831 2473 Romanos
863 2414 977 2489 valent,
1010 2414 1036 2472 si
1068 2415 1167 2474 modo

144 2501 252 2563 Graeci
274 2501 419 2562 sermonis
441 2501 629 2562 intellectum
651 2495 802 2562 habeant.2
849 2501 914 2562 Gai.
929 2503 958 2578 3,
974 2504 1025 2562 92.

233 2585 409 2651 ‘Possumus
433 2639 457 2653 ..
481 2589 572 2651 adid
595 2591 674 2667 quod
693 2591 881 2669 stipulamur,
905 2590 997 2649 alium
1015 2590 1168 2651 adhibere

143 2681 196 2757 qui
218 2680 298 2739 idem
321 2681 491 2757 stipuletur,
516 2699 604 2757 quem
626 2681 718 2758 vulgo
742 2680 989 2755 adstipulatorem
1008 2698 1165 2740 vocamus.

143 2774 174 2830 et
196 2770 267 2829 huie
289 2770 415 2845 proinde
434 2771 512 2830 aetio
531 2771 664 2845 conpetit
681 2768 864 2845 proindeque
883 2769 911 2828 ei
929 2771 1009 2828 reete
1029 2769 1166 2829 solvitur

146 2877 180 2918 aa
206 2859 305 2934 nobis3
334 2858 386 2917 sed
413 2856 558 2934 quidquid
585 2861 761 2918 consecutus
789 2859 859 2932 erit,
886 2855 1020 2916 mandati
1045 2856 1167 2918 iudicio

146 2947 232 3008 nobis
250 2947 413 3006 restituere
433 2947 557 3023 cogitur.
594 2949 725 3005 osterum
742 2949 843 3022 potest
861 2947 953 3005 etiam
971 2945 1039 3005 aliis
1057 2947 1169 3007 verbis

145 3037 192 3095 uti
221 3034 421 3111 adstipulator
448 3053 538 3111 quam
565 3035 672 3109 quibus
699 3053 754 3095 uos
778 3035 828 3094 usi
850 3053 961 3095 sumus.
1005 3035 1112 3111 itaque
1138 3037 1170 3095 si

141 3124 227 3184 verbi
254 3124 354 3202 gratia
381 3142 437 3201 ego
464 3123 509 3182 ita
537 3123 700 3199 stipulatus
728 3124 796 3183 sim:
824 3125 889 3183 dari
911 3123 1060 3199 spondes?
1106 3124 1167 3186 ille

144 3213 187 3272 sio
209 3212 389 3287 adstipulari
407 3215 519 3286 potest:
541 3211 622 3270 idem
640 3213 698 3271 fide
716 3218 772 3273 tua
788 3213 959 3288 promittis?
994 3213 1057 3272 vel:
1077 3212 1168 3273 idem

144 3301 309 3360 fideiubes‘?
342 3302 391 3361 vel
409 3303 520 3361 eontra.
556 3300 630 3360 item
647 3302 746 3361 minus
765 3301 944 3378 adstipulari
960 3304 1070 3379 potest,
1087 3303 1173 3376 plus

143 3406 204 3447 non
226 3392 333 3464 potest
373 3387 477 3464 itaque
501 3390 525 3447 si
549 3409 604 3466 ego
629 3390 813 3450 sestertiaX
836 3390 997 3465 stipulatus
1017 3392 1082 3466 sim,
1106 3392 1170 3452 ille

146 3476 285 3534 sestertia
303 3476 332 3532 V
356 3476 495 3550 stipulari
516 3481 629 3555 potest;
653 3481 757 3537 eontra
779 3497 850 3538 vero
873 3481 942 3555 plus
965 3497 1025 3538 non
1047 3481 1167 3555 potest

143 3560 218 3619 item
254 3564 280 3620 si
317 3582 372 3640 ego
408 3584 482 3639 pure
515 3566 677 3641 stipulatus
710 3567 779 3645 sim,
814 3567 866 3626 ille
899 3569 954 3627 sub
986 3568 1171 3632 condicione
