2512 3888
187 201 252 265 452
292 198 327 254 11.
354 198 421 255 TIB.
441 197 517 253 0111
541 196 670 254 CLAUD.
689 196 824 255 NERON.
843 197 951 256 ΤΕΜΡ.
968 197 1066 254 Iulus
1090 199 1193 257 CONS.

187 362 326 427 familias
350 359 465 444 capitis
489 360 705 426 deminutione
729 361 787 426 filii
809 361 998 446 magnevol
1017 362 1123 428 media
1143 363 1193 428 vel

187 453 289 516 morte
299 450 350 515 vel
364 450 619 534 emancipatione
631 450 680 514 vel
696 449 779 514 servi
794 471 982 535 quaeunque
997 451 1192 518 alienatione

187 539 237 604 vel
264 542 368 604 morte
395 539 447 604 vel
474 536 728 604 manumissione
754 541 865 623 potest
891 538 995 604 adhue
1017 561 1193 606 remanere.

273 651 311 712 of.
330 651 432 727 Pomp.
451 650 484 710 P.
499 652 571 710 463.
608 649 677 726 Ulp.
696 649 728 710 P.
744 650 971 712 2550-2552.

568 829 615 888 De
636 846 693 888 666
715 829 813 902 leputo.

276 944 321 1003 De
345 962 403 1002 666
425 943 526 1020 legato
549 942 689 1002 dixerunt
708 942 740 1012 Q.
759 940 875 1002 Munius
896 937 924 1020 (Ι
942 961 969 1018 p.
987 937 1054 1022 78),
1078 943 1193 1003 Tubero

188 1027 230 1115 (p.
246 1024 335 1112 361),
353 1032 452 1092 Labeo
472 1026 518 1112 (Π
531 1052 559 1109 p.
576 1034 647 1092 199.
664 1025 752 1110 228).
790 1031 821 1089 in
839 1030 925 1090 libris
943 1031 981 1090 66
996 1030 1143 1091 Sabinum
1161 1033 1192 1091 66

188 1123 290 1183 eadem
317 1141 349 1180 re
374 1121 558 1196 seripserunt
579 1120 760 1195 Pomponius
782 1119 858 1178 libro
880 1117 909 1176 V
932 1111 980 1201 (P.
994 1114 1194 1202 467-471),

189 1211 302 1271 Ρ66166
329 1209 407 1269 libro
429 1209 476 1268 111
498 1201 546 1291 (P.
562 1199 809 1288 1651-1653),
837 1206 986 1284 Ulpianus
1008 1209 1088 1270 libro
1112 1209 1195 1269 XVII

189 1293 236 1381 (P.
256 1292 497 1374 2575-2576).
547 1297 698 1357 disserunt
729 1298 765 1357 66
796 1315 852 1356 666
883 1297 970 1356 fundi
999 1297 1106 1375 Pomp.
1125 1300 1195 1359 471.

189 1387 468 1463 1661666616.
485 1389 598 1462 25772,
616 1385 652 1446 de
665 1405 725 1445 usu
738 1385 829 1446 villae
844 1386 911 1463 Ulp.
923 1378 1039 1464 anath,
1052 1387 1195 1463 praetorii

190 1477 259 1554 Ulp.
276 1467 388 1552 25771,
415 1476 533 1535 aedium
560 1475 662 1550 Pomp.
677 1476 751 1535 467.
765 1477 844 1552 469,
871 1476 977 1534 domus
999 1474 1086 1535 Paul.
1105 1479 1194 1537 1651.

190 1567 259 1641 Ulp.
274 1556 418 1642 2575⁸·¹'‚
436 1565 547 1624 66666
565 1563 689 1640 peeoris,
706 1563 737 1624 in
756 1563 854 1639 speeie
872 1563 973 1641 gregis
989 1563 1089 1642 ovilis,
1109 1565 1195 1625 boum

191 1654 319 1715 armenti
355 1657 386 1714 66
422 1654 528 1730 equitii
559 1652 628 1728 Ulp.
654 1654 753 1722 2578,
787 1653 866 1712 servi
898 1652 1002 1728 Pomp.
1025 1654 1103 1715 471.
1126 1655 1194 1714 472.

191 1745 261 1821 Ulp.
276 1746 371 1804 2579.
387 1745 481 1820 2580,
499 1743 536 1801 de
553 1760 612 1801 usu
629 1740 787 1800 ministerii
800 1739 974 1818 6162579.
1007 1740 1044 1801 de
1062 1743 1193 1818 personis

192 1833 300 1910 quibus
317 1851 390 1892 6666
408 1832 530 1891 relictus
549 1833 603 1906 est,
623 1829 738 1889 scilieet
756 1831 792 1889 66
809 1830 902 1890 vidua
914 1828 991 1888 dixit
1004 1829 1112 1906 Pomp.
1126 1833 1192 1892 467.

192 1923 259 1998 Ulp.
275 1913 391 1998 amab,
412 1922 448 1979 66
466 1939 544 1978 nuru
563 1918 649 1977 Paul.
666 1920 761 1993 1651,
780 1918 815 1977 66
832 1937 924 1978 uxore
941 1917 1026 1977 Paul.
1043 1920 1142 1996 1652,
1163 1919 1193 1978 66

190 2009 316 2068 muliere
333 2008 435 2084 Pomp.
450 2010 524 2069 468.
534 2009 607 2068 469.
626 2006 819 2085 91627570,
838 2007 874 2066 de
891 2006 999 2066 marito
1018 2005 1091 2081 Ulp.
1104 2010 1192 2079 2875,

191 2098 226 2156 66
248 2097 311 2156 filio
334 2096 463 2155 familias
485 2095 554 2172 Ulp.
570 2097 666 2156 2579.

581 2238 625 2294 De
641 2239 728 2306 saladi
746 2255 807 2294 aaa.

279 2331 331 2398 33.
355 2329 393 2396 D.
410 2331 549 2413 7,8,12,
565 2329 593 2396 1.
634 2329 793 2416 Ulpianus
812 2329 895 2394 libro
915 2329 1038 2394 decimo
1058 2333 1193 2415 septimo

195 2420 233 2486 ad
250 2416 404 2484 Sabinum
423 2416 472 2506 (Ρ.
486 2416 617 2507 25772).
640 2455 677 2466 -
699 2419 829 2484 Praeter
846 2417 1085 2483 habitationem
1105 2441 1196 2505 quam

192 2510 299 2593 babet,
317 2509 368 2574 cui
387 2531 463 2574 6666
482 2505 665 2597 (solandi)
685 2509 779 2573 66666
799 2511 859 2594 666,
876 2506 1105 2572 deambulandi
1124 2530 1196 2594 quo

193 2621 253 2684 que
281 2605 313 2663 66
340 2599 487 2683 gestandi
513 2599 563 2663 ius
591 2597 734 2663 babebit.
780 2594 918 2662 Sabinus
946 2599 979 2661 66
1006 2592 1143 2662 Cassius
1171 2599 1198 2661 at

193 2689 291 2774 lignis
310 2688 349 2752 ad
368 2711 461 2753 usum
481 2687 690 2752 cottidianum
712 2689 744 2751 66
757 2685 852 2751 horto
868 2690 900 2750 et
911 2683 1017 2769 pomis
1031 2688 1067 2749 et
1080 2685 1198 2750 holeri-

195 2779 254 2843 bus
282 2781 315 2841 et
342 2777 474 2842 floribus
503 2779 535 2840 66
559 2797 642 2860 6666
663 2796 809 2858 usurum,
836 2796 902 2840 non
925 2794 1025 2856 usque
1050 2773 1093 2838 ad
1118 2796 1200 2840 oom-

193 2866 359 2951 pendium,
387 2865 442 2930 sed
465 2864 504 2928 ad
529 2885 623 2927 usum
722 2862 806 2928 idem
828 2861 944 2947 Nerva,
969 2866 1001 2925 et
1023 2861 1129 2929 adieit

194 2975 298 3108 66666
324 2952 412 3018 foliis
439 2952 641 3105 6666686666
664 2972 766 3036 66666
789 2950 951 3104 66666666
975 2951 1201 3102 6666666661·

218 3065 256 3108 66
283 3063 425 3106 usurum.
470 3062 503 3105 se
571 3061 952 3106 amus...e1amex
1001 3060 1029 3104 is
1082 3063 1202 3106 uaem

194 3131 293 3196 fundo
315 3133 499 3211 nascuntur,
521 3128 607 3213 quod
631 3129 671 3193 ad
689 3129 811 3194 victum
830 3129 893 3194 sibi
912 3127 1040 3212 suisque
1058 3062 1203 3196 iufficial

194 3224 399 3304 sumpturum
421 3222 454 3283 et
477 3237 516 3282 ex
537 3217 588 3283 bis
613 3240 694 3303 quae
716 3217 825 3284 Nerva
847 3217 986 3304 negavit.

570 3375 615 3429 De
632 3375 741 3429 aedium
758 3390 820 3429 666.

284 3465 335 3528 34.
358 3462 396 3529 D.
413 3466 441 3546 7,
456 3465 484 3542 8,
499 3465 528 3550 4,
545 3467 577 3550 1;
602 3467 630 3547 7,
645 3467 675 3549 8,
689 3465 719 3530 6.
755 3464 914 3550 Ulpianus
943 3465 1028 3530 libro
1064 3470 1204 3556 septimo

197 3547 319 3614 decimo
338 3551 377 3614 ad
393 3549 546 3617 Sabinum
561 3552 611 3637 (P.
625 3548 752 3639 257512).
765 3589 809 3600 —
822 3551 970 3618 Mulieri.
985 3602 993 3618 .
1008 3553 1036 3618 si
1051 3577 1136 3622 usus
1151 3556 1206 3645 (66
