2580 3888
418 199 442 248 2.
466 193 649 249 MASURIUS
668 192 821 248 SABINUS
1061 192 1128 256 355

112 363 199 438 puto,
217 361 289 420 licet
302 361 454 438 naufragii
466 362 634 438 periculum
648 361 815 436 immineat3
843 362 928 422 nevis
953 363 1064 422 etenim
1087 363 1125 422 ad

112 453 169 510 hoo
192 452 331 527 paratur,
354 453 389 509 ut
412 451 543 528 naviget.

207 535 256 599 10.
279 532 354 598 Vat.
370 534 407 598 fr.
425 534 475 616 75,
489 535 519 599 3.
555 531 714 618 Ulpianus
737 533 821 597 libro
846 534 1124 616 septimodecimo

114 623 156 686 ad
180 621 335 687 Sabinum
359 621 407 710 (P.
422 622 534 708 2562).
556 659 601 670 -
624 644 885 707 ...quemquam
910 621 1047 688 Sabinus
1075 646 1124 687 re·

114 711 294 796 sponderit,
334 719 370 775 ut
403 715 435 776 et
467 711 579 777 Celsus
612 710 717 794 (libro
740 709 851 775 XVIII
876 710 951 794 ete>
981 711 1124 777 Iulianus

113 801 198 865 libro
217 798 425 884 (XXXV?>¹
452 800 526 886 Dig.
554 800 667 882 refert,
696 822 782 882 eum,
811 799 865 882 qui
894 803 1019 882 partem
1048 823 1124 865 usus

112 889 237 954 fructus
261 889 295 953 in
317 889 386 954 iure
410 891 516 974 cessit,
540 893 572 954 et
596 892 744 953 amittere
767 891 895 974 partem
915 889 1038 972 etipse
1058 911 1125 953 mo·

116 981 224 1042 mento
248 980 397 1061 recipere.

372 1135 416 1190 De
433 1137 508 1203 folco
525 1137 609 1206 lopati
626 1136 863 1192 demonstratione.

203 1247 252 1310 11.
283 1243 321 1309 D.
341 1244 393 1327 35,
416 1246 443 1329 1,
459 1246 510 1329 72,
524 1246 554 1310 8.
598 1244 687 1310 Idem
723 1243 779 1326 (sc.
802 1242 1015 1329 Papinianus)
1040 1243 1123 1308 libro

112 1338 228 1399 octavo
247 1333 372 1398 decimo
391 1331 619 1408 Quaestionum
639 1332 686 1419 (P.
700 1329 789 1418 212).
809 1369 850 1379 -
872 1332 1001 1397 Falsam
1023 1332 1124 1415 legati

113 1422 421 1487 demonstrationem
436 1422 621 1487 nonfacere
636 1425 779 1507 legatum
795 1420 933 1486 Sabinus
947 1420 1124 1506 respondit,

113 1511 214 1575 veluti
242 1511 269 1574 si
293 1511 379 1594 quis,
407 1533 480 1576 cum
503 1510 588 1576 Titio
612 1511 692 1574 nibil
715 1511 869 1594 legasset,
897 1511 945 1574 ita
968 1510 1125 1594 scriptum

114 1597 294 1682 reliquerit:
319 1597 370 1663 ‘ex
389 1604 528 1682 centum,
547 1621 628 1683 quae
648 1598 733 1663 Titio
753 1599 869 1682 legavi,
888 1599 1124 1683 quinquaginta

114 1687 208 1751 heres
232 1685 305 1752 Seio
329 1687 417 1752 dato’
441 1687 537 1772 idque
561 1688 700 1771 sumpsit
723 1708 761 1751 ex
786 1686 928 1751 defuncti
951 1688 1123 1769 voluntate,

114 1777 190 1860 quis
209 1798 274 1841 non
295 1777 402 1841 animo
421 1776 560 1860 legendi,
580 1777 635 1841 sed
651 1774 853 1840 deminuendi
867 1776 1020 1861 legatum,
1040 1777 1124 1860 quod

114 1866 198 1930 falso
222 1865 335 1930 datum
360 1866 575 1951 existimaret,
598 1867 644 1930 ita
667 1864 829 1930 scriberet.

448 2029 493 2085 Do
508 2031 659 2101 repetendis
677 2031 780 2099 tepetis.

201 2131 252 2195 12.
285 2128 324 2194 D.
345 2131 397 2215 32,
416 2131 466 2195 63.
520 2129 609 2196 Idem
637 2129 696 2212 (sc.
723 2128 880 2219 Iulianus)
908 2131 990 2197 libro
1017 2134 1123 2217 primo

114 2219 154 2284 ad
174 2218 324 2284 Urseium
343 2219 495 2286 Ferocem
515 2216 564 2305 (P.
579 2219 669 2306 889).
684 2257 725 2267 —
745 2219 783 2285 In
801 2221 984 2305 repetendis
1002 2223 1123 2307 legetis

113 2310 194 2372 haec
216 2308 315 2371 rerba
339 2331 419 2394 quae
444 2309 527 2373 adici
550 2310 656 2374 solent
680 2309 768 2373 ‘item
793 2310 868 2374 dare
887 2310 1021 2376 damnas
1041 2310 1122 2376 esto'

114 2401 148 2462 et
176 2396 215 2460 ad
244 2396 446 2464 condiciones
470 2401 503 2461 et
525 2397 565 2461 ad
588 2399 654 2461 dies
677 2398 860 2482 legatorum
884 2399 1012 2463 easdem
1034 2421 1122 2484 repe-

113 2484 227 2550 tendus
251 2486 365 2550 referri
389 2484 528 2551 Sabinus
551 2485 724 2569 respondit.

274 2645 320 2699 De
339 2643 436 2712 tepetis
455 2643 578 2696 codicillo
596 2642 744 2710 adscriptis
761 2643 803 2696 oei
820 2643 962 2711 ademptis.

201 2753 251 2819 13.
284 2751 323 2816 D.
338 2753 391 2830 29,
407 2754 436 2833 7,
451 2752 493 2816 14
503 2774 550 2835 pr.
596 2750 751 2816 Scaevola
771 2751 858 2815 libro
882 2755 995 2816 octavo
1020 2751 1121 2828 Quae·

113 2843 254 2907 stionum
274 2839 322 2928 (P.
340 2839 427 2928 160).
446 2877 487 2887 -
508 2839 647 2916 Quidam
665 2840 817 2924 referunt,
836 2846 992 2925 quantum
1011 2844 1121 2925 repeto

111 2930 197 3016 apud
216 2931 401 3014 Vitianum,
425 2929 536 2995 Sabini
559 2935 592 2996 et
611 2928 716 2995 Cassii
739 2933 771 2994 et
790 2929 918 2996 Proculi
942 2932 1121 3014 expositam

110 3041 181 3084 esse
201 3020 234 3084 in
255 3020 442 3103 quaestione
461 3019 645 3084 huiusmodi
664 3023 931 3084 controversiam:
946 3042 987 3083 an
1003 3019 1121 3104 legata,

111 3107 1120 3282 ttttt*ttttttttttitilletltttt

643 3248 651 3281 7
1113 3245 1121 3275 t

180 3359 195 3407 1
221 3353 364 3410 VOeIsus.
384 3384 418 3398 a·
436 3353 560 3407 Iulianus
579 3352 652 3407 libro
666 3352 778 3406 XVIIII.
807 3353 957 3408 Mommsen
975 3351 1070 3408 Celsus
1086 3381 1120 3396 ω

107 3424 180 3479 libro
190 3423 289 3479 XVIII.
319 3426 447 3480 Huschke
466 3441 529 3480 cero
546 3424 607 3478 tore
625 3425 678 3478 oit:
701 3424 886 3479 ‘verisimilius
904 3431 957 3491 est,
976 3427 1120 3479 librariam

110 3497 219 3564 duplici
237 3497 363 3550 binorum
382 3496 558 3567 Dipestorum
577 3497 706 3549 citatione
724 3497 754 3549 io
773 3512 888 3550 errorem
906 3499 1049 3553 inductam
1067 3513 1120 3552 esse

109 3583 194 3637 quom
214 3568 326 3622 lationi
343 3573 503 3622 motionem
520 3569 579 3621 sinc
596 3583 681 3622 caasa
698 3567 863 3622 intrusisse&

853 3656 906 3712 23*
