2508 3896
137 168 203 232 532
240 165 275 221 Π.
300 165 369 220 ΤΙΒ.
394 163 471 220 GAII
494 163 621 219 CLAUD.
644 163 779 220 NERON.
802 163 907 220 TEMP.
926 163 1022 220 IURIS
1042 163 1141 220 CONS.

129 339 182 395 aut
204 333 426 409 fidcpromissor
449 333 608 408 obligetur.
656 332 814 393 fideiussor
836 352 906 393 vero
931 333 1069 392 omnibus
1091 333 1141 392 ob-

132 423 341 501 ligationibus,
369 420 400 480 id
428 425 474 482 est
501 422 563 482 sive
590 441 624 481 re
652 422 714 482 sive
740 422 839 482 verbis
864 422 925 481 sive
947 421 1060 481 litteris
1082 422 1144 482 sive

132 529 278 572 consensu
300 514 469 571 contractae
493 511 606 570 suerint
629 511 837 587 obligationes,
859 511 937 570 adici
958 512 1069 586 potest.
1110 530 1144 570 ao
1235 583 1236 588 γ

131 621 170 661 ne
197 595 274 659 illud
303 601 424 675 quidem
450 600 590 676 interest,
617 601 721 659 utrum
743 600 838 660 civilis
861 619 900 659 an
921 601 1071 660 naturalis
1096 601 1145 660 ob·
1235 599 1236 630 ³

131 690 245 766 ligatio
259 689 299 748 sit
317 690 365 749 oui
383 689 538 767 adiciatur,
557 689 630 748 adeo
649 688 779 766 quidem,
797 693 832 748 ut
849 709 904 765 pro
924 708 1010 750 servo
1025 709 1145 767 quoque

131 778 292 856 obligetur,
315 778 379 838 sive
402 779 561 838 extraneus
586 778 626 838 sit
648 777 700 853 qui
723 796 741 836 a
764 797 848 838 servo
871 777 1079 838 fideiussorem
1099 798 1146 838 ac-

132 868 231 944 cipiat,
256 869 319 927 sive
341 867 406 944 ipsc
430 866 567 927 dominus
590 867 623 925 in
640 867 671 924 id
690 865 771 942 quod
790 867 848 927 sibi
866 867 1019 927 debeatur.
1060 886 1145 944 prae-

129 960 215 1016 terea
238 955 388 1033 sponsoris
413 959 443 1014 et
466 955 715 1032 fidepromissoris
737 956 824 1015 heres
847 975 908 1016 non
930 957 1065 1033 tenetur,
1087 957 1146 1015 nisi

133 1047 158 1105 si
190 1047 227 1104 de
258 1045 417 1122 peregrino
445 1043 683 1121 fidepromissore
711 1063 902 1122 quaeramus,
935 1048 966 1105 et
992 1045 1053 1105 alio
1081 1046 1145 1104 iure

26 1155 31 1167 ·
129 1135 238 1195 civitas
257 1129 322 1194 eius
341 1135 459 1211 utatur,
481 1132 664 1193 fideiussoris
682 1137 784 1192 sutem
803 1134 895 1193 etiam
913 1134 1001 1193 heres
1014 1137 1146 1194 tenetur.

129 1225 203 1284 item
236 1242 359 1299 sponsor
391 1226 422 1281 et
453 1222 676 1297 fidepromissor
707 1223 773 1299 lege
801 1222 893 1282 Furia
924 1222 1043 1283 biennio
1073 1223 1147 1282 libe-

130 1316 245 1389 rantur,
268 1316 299 1371 ct
317 1314 466 1389 quotquot
485 1313 573 1370 erunt
590 1330 714 1371 numero
733 1331 768 1370 co
787 1314 921 1389 tempore
940 1332 998 1388 quo
1016 1314 1146 1389 pecunia

131 1403 196 1478 peti
218 1404 328 1478 potest,
351 1401 383 1459 in
404 1403 452 1460 tot
473 1403 576 1476 partes
600 1400 751 1459 diducitur
773 1400 852 1460 inter
876 1419 926 1461 eos
951 1401 1098 1480 obligatio
1117 1405 1148 1461 et

129 1490 243 1570 singuli
256 1485 331 1570 <in>
344 1490 447 1550 viriles
460 1491 561 1566 partes
577 1490 758 1565 obligantur.
790 1489 979 1550 fideiussores
995 1511 1067 1550 vero
1077 1511 1144 1568 per·

131 1583 223 1656 petuo
244 1582 394 1656 tenentur,
418 1582 449 1638 et
467 1581 615 1655 quotquot
633 1581 722 1637 erunt
739 1597 873 1658 numero,
897 1579 1009 1658 singuli
1026 1581 1060 1639 in
1079 1583 1150 1641 soli-

132 1670 203 1728 dum
228 1669 413 1744 obligantur.
452 1667 555 1743 itaque
579 1667 705 1726 liberum
729 1670 775 1727 est
798 1667 940 1727 creditori
959 1687 977 1727 a
994 1689 1054 1744 quo
1073 1671 1150 1730 velit

132 1759 262 1818 solidum
289 1761 391 1834 petere
500 1756 552 1815 sed
578 1774 647 1815 curn
672 1757 719 1815 lex
741 1756 835 1816 Furia
858 1758 978 1817 tantum
1000 1757 1032 1816 in
1055 1758 1150 1819 Italia

129 1848 229 1906 locum
261 1848 384 1923 habeat,
418 1845 517 1905 evenit
543 1848 580 1904 ut
605 1845 637 1904 in
665 1845 772 1904 ceteris
799 1845 959 1922 provinciis
988 1865 1150 1922 sponsores

130 1954 248 2011 quoque
271 1939 302 1994 et
323 1935 578 2010 fidepromissores
596 1934 721 2010 proinde
741 1953 774 1994 ao
792 1934 980 1994 fideiussores
998 1940 1150 2014 perpetuo

132 2026 292 2082 teneantur
321 2026 351 2083 et
374 2024 486 2100 singuli
508 2024 540 2081 in
563 2023 692 2082 solidum
716 2023 888 2101 obligentur
987 2029 1152 2099 praeterea

131 2112 212 2171 inter
240 2129 395 2186 sponsores
421 2115 453 2170 et
474 2111 729 2187 fidepromissores
752 2113 801 2171 lex
823 2113 973 2189 Appuleia
995 2115 1152 2188 quandam

131 2199 305 2260 societatem
318 2199 493 2260 introduxit.
528 2219 598 2258 nam
613 2201 638 2259 si
652 2202 718 2277 quis
731 2203 839 2260 horum
852 2202 922 2278 plus
937 2219 992 2260 sua
1005 2203 1150 2278 portione

134 2287 271 2364 solverit,
303 2287 339 2347 de
372 2307 406 2347 eo
436 2289 516 2365 quod
543 2289 672 2365 amplius
701 2290 829 2371 dederit,
860 2291 1003 2351 adversus
1031 2295 1154 2353 ceteros

133 2377 266 2437 actiones
289 2377 454 2438 constituit.
492 2396 568 2454 quae
592 2379 640 2438 lex
663 2383 732 2439 ante
751 2380 850 2458 legem
867 2379 991 2438 Furiam
1009 2380 1073 2440 lata
1091 2386 1154 2461 est,

134 2485 193 2544 quo
217 2470 350 2542 tempore
373 2467 406 2524 in
429 2467 558 2527 solidum
577 2468 795 2546 obligabantur.
836 2469 916 2528 unde
934 2469 1090 2544 quaeritur
1112 2491 1155 2531 an

132 2560 201 2632 post
237 2557 335 2634 legem
367 2556 489 2617 Furiam
526 2557 622 2617 adhuc
658 2557 734 2635 legis
767 2557 932 2635 Appuleiae
969 2557 1155 2620 beneficium

133 2646 270 2721 supersit.
327 2649 357 2704 et
392 2647 499 2722 utique
536 2650 620 2706 extra
655 2645 776 2704 Italiam
808 2652 959 2726 superest3
995 2666 1066 2706 nam
1098 2649 1155 2709 lex

132 2735 252 2810 quidem
270 2734 362 2794 Furia
384 2738 503 2794 tantum
523 2736 554 2796 in
572 2735 664 2794 Italia
683 2737 772 2810 valet,
795 2736 945 2812 Appuleia
963 2755 1033 2796 vero
1053 2736 1155 2798 etiam

131 2823 163 2882 in
186 2824 292 2883 ceteris
313 2824 482 2899 provinciis.
524 2824 577 2883 sed
595 2843 634 2882 an
652 2825 744 2883 etiam
763 2817 839 2904 <in>
856 2818 949 2884 Italia
966 2824 1157 2888 beneficium

132 2912 208 2988 legis
227 2912 393 2988 Appuleiae
416 2913 554 2989 supersit,
577 2913 664 2973 valde
688 2913 851 2988 quaeritur.
896 2913 934 2972 ad
957 2913 1157 2977 fideiussores

134 3005 235 3060 autem
262 3002 311 3060 lex
333 3001 484 3077 Appuleia
511 3019 570 3060 non
594 3001 735 3076 pertinet.
779 3003 883 3080 itaque
906 3002 932 3062 si
955 3001 1087 3062 creditor
1112 3006 1157 3066 ab

132 3108 191 3148 uno
225 3091 323 3148 totum
356 3092 530 3149 consecutus
560 3091 665 3167 fuerit,
696 3091 785 3151 huius
814 3093 905 3151 solius
933 3091 1158 3154 detrimentum

136 3177 202 3254 erit,
226 3177 340 3237 scilicet
363 3178 388 3236 si
410 3178 436 3235 is
459 3197 513 3253 pro
537 3198 595 3255 quo
618 3179 773 3256 fideiussit,
797 3179 938 3242 solvendo
961 3199 1023 3240 non
1043 3181 1086 3240 sit

132 3268 288 3338 praeterea
316 3266 381 3342 lege
406 3264 538 3325 Cicereia
565 3271 686 3327 cautum
714 3271 772 3348 est,
800 3273 835 3328 ut
861 3271 888 3330 is
913 3271 964 3345 qui
987 3286 1158 3346 sponsores

133 3354 187 3410 aut
209 3353 463 3429 fidepromissores
487 3356 627 3435 accipiat,
652 3357 806 3432 praedicat
827 3359 929 3433 palam
952 3361 982 3417 et
1005 3359 1157 3439 declaret,

134 3441 164 3494 et
192 3439 227 3497 de
255 3460 314 3516 qua
341 3461 373 3500 re
402 3441 475 3502 satis
503 3443 631 3520 accipiat
659 3448 690 3504 et
717 3449 789 3522 quot
816 3465 971 3522 sponsores
995 3452 1049 3507 aut
1073 3449 1157 3510 fide-

133 3526 327 3596 promissores
355 3531 386 3587 in
415 3549 480 3589 earn
508 3531 723 3608 obligationem
750 3537 926 3609 accepturus
952 3536 1005 3613 sit,
1034 3540 1066 3597 ot
1089 3540 1157 3601 nisi
