2512 3888
382 226 411 274 2.
432 217 619 274 Masculus
639 220 791 276 SABINUS
1031 221 1096 285 411

85 385 231 446 traditum
262 380 326 447 est'.
380 389 441 446 185
476 382 578 466 ‘vulgo
609 381 757 468 dicitur'),
790 390 870 465 apud
897 389 1096 465 Papinianum

85 465 132 556 (P.
148 477 210 534 291
232 469 322 551 ‘quod
341 479 441 534 autem
459 477 551 554 vulgo
571 469 702 536 dicitur'.
740 479 803 538 353
822 475 841 553 ἓ
858 480 876 539 5
897 472 989 555 ‘quod
1002 479 1094 558 vulgo

84 557 215 624 dicitur'.
253 560 272 639 ξ
289 566 307 624 6
328 557 419 637 ‘quod
437 565 529 642 vulgo
547 566 708 642 probatum
728 560 794 625 est'.
832 560 932 643 ‘quale
951 568 1096 645 estquod

83 653 174 730 vulgo
197 645 373 734 diceretur')
397 653 523 731 aliaque.

173 740 322 820 Sequitur,
340 745 376 801 ut
394 742 433 801 ad
451 743 534 818 prius
553 743 699 803 indicium
716 762 735 802 a
757 743 880 804 Lenelio
904 743 1097 805 observatum

83 830 272 908 accedamus,
308 831 468 908 propositis
499 832 614 892 idoneis
647 832 790 908 exemplis
822 852 858 892 ex
889 832 1097 910 Palingenesia

84 918 199 996 petitis:
224 919 256 980 P.
276 922 361 997 2435
387 914 542 994 “Heredes
560 921 663 998 palam
679 921 732 998 ita,
755 926 790 981 ut
809 921 944 982 exaudiri
962 928 1097 999 possunt,

84 1009 273 1084 nuncupandi
305 1003 406 1069 sunt''.
461 1010 564 1069 licebit
596 1029 667 1089 ergo
694 1011 821 1070 testanti
849 1013 880 1070 et
907 1031 934 1088 q.
963 1028 986 1071 s.
1010 1012 1096 1071 2436

85 1091 139 1155 “si
163 1097 236 1175 quid
258 1100 328 1174 post
348 1098 464 1160 factum
485 1102 698 1160 testamentum
721 1099 834 1159 mutari
851 1099 974 1176 placuit,
998 1100 1099 1160 omnia

83 1205 119 1246 ox
146 1185 265 1263 integro
292 1187 429 1246 facienda
452 1180 555 1248 'sunt''.
601 1188 681 1264 qnod
703 1207 774 1248 vero
798 1188 865 1265 quis
889 1189 1044 1248 obscurius
1067 1190 1098 1247 in

82 1279 263 1335 testamento
294 1275 344 1335 vel
374 1280 527 1352 nuncupat
552 1277 602 1337 vel
630 1277 746 1351 scribit,
779 1295 818 1336 an
843 1280 913 1354 post
942 1277 1098 1337 sollemnia

83 1365 244 1440 explanare
267 1363 370 1440 possit,
398 1365 554 1440 quaeritur
576 1370 607 1425 et
629 1386 655 1442 q.
677 1384 699 1426 s.
723 1367 810 1426 2438
840 1360 932 1425 “Uno
955 1369 1099 1426 contextu

83 1457 167 1512 actus
194 1452 304 1511 testari
331 1445 482 1528 oportet''.
528 1455 574 1513 est
599 1458 701 1513 autem
724 1473 784 1514 uno
809 1457 951 1515 contextu
975 1457 1006 1514 et
1028 1475 1055 1532 q.
1075 1474 1098 1514 s.

84 1542 169 1600 2446
199 1535 359 1600 “Postumi
377 1586 384 1601 .
401 1588 428 1601 ..
448 1541 626 1600 nominatim
649 1542 960 1619 exheredandi·sunt‚
987 1562 1025 1602 ne
1052 1546 1097 1603 te·

82 1631 266 1689 stamentum
289 1628 496 1707 adgnascendo
519 1623 693 1706 rumpant”.
731 1635 887 1706 postumos
907 1636 1007 1691 autem
1027 1632 1098 1692 dici·

81 1735 150 1776 mus
180 1721 212 1776 et
238 1740 265 1791 q.
289 1735 312 1777 s.
341 1720 425 1779 2469
456 1712 613 1777 “Moribus
640 1719 847 1779 introductum
874 1723 933 1797 est,
966 1725 1003 1781 ut
1030 1721 1098 1798 quis

80 1805 185 1866 liberis
222 1806 428 1882 impuberibus
459 1810 673 1867 testamentum
704 1807 804 1868 facere
836 1801 966 1889 possit'',
1003 1808 1097 1870 donec

80 1895 209 1955 masculi
236 1895 275 1954 ad
303 1896 545 1974 quattuordecim
573 1915 665 1956 annos
687 1897 879 1975 perveniant,
907 1898 1035 1960 feminae
1059 1897 1097 1959 ad

80 1983 247 2044 duodecim.
283 1983 363 2061 quod
383 1985 426 2044 sic
445 1985 502 2045 erit
520 1985 725 2061 accipiendum
744 1989 776 2047 et
793 2006 820 2063 q.
840 2004 863 2046 s.
888 1989 975 2048 2524
999 1982 1097 2048 “Post

77 2074 318 2151 consanguineos
350 2073 552 2133 admittuntur
584 2075 700 2154 agnati,
732 2075 758 2134 si
790 2077 1005 2156 consanguinei
1036 2096 1097 2137 non

78 2156 184 2222 sunt'’.
221 2162 341 2239 merito}
359 2181 427 2221 nam
448 2163 473 2222 si
492 2166 523 2222 et
541 2183 568 2239 q.
588 2181 610 2223 s.
630 2163 662 2222 P.
683 2167 769 2226 2960
790 2159 942 2226 “Debitor
959 2167 1096 2227 mulieris

77 2252 166 2310 iussu
189 2251 254 2311 eins
276 2251 433 2327 pecuniam
455 2253 520 2313 viro
541 2253 728 2331 eispromisit,
752 2254 857 2315 deinde
876 2256 923 2315 vir
941 2260 1096 2333 acceptam

77 2358 147 2399 eam
165 2339 249 2399 iussu
269 2340 404 2400 mulieris
422 2341 504 2400 fecit.
521 2359 569 2400 res
587 2343 707 2402 mulieri
725 2337 839 2418 perit''.
871 2345 926 2404 boc
945 2346 1094 2422 quomodo

75 2427 262 2504 accipimus?
835 2470 839 2480 .

169 2517 214 2576 De
237 2517 327 2577 huius
349 2517 466 2594 generis
489 2517 667 2595 fragmentis
687 2518 767 2577 idem
786 2520 866 2596 quod
886 2539 979 2596 snpra
996 2521 1096 2582 dioen-

77 2605 154 2665 dum
185 2609 243 2666 est:
279 2605 427 2682 Ulpianus
459 2605 506 2664 his
539 2624 657 2682 quoque
688 2607 762 2666 locis
793 2609 843 2667 vel
880 2627 915 2667 ea
946 2610 1096 2688 proponit,

77 2714 158 2773 quse
179 2695 273 2772 vulgo
305 2693 516 2771 tradebantur,
549 2694 597 2753 vel
628 2694 703 2754 iuris
731 2695 827 2756 civilis
854 2697 990 2774 regulas,
1020 2716 1096 2773 quas

75 2784 197 2861 plenius
220 2782 411 2860 explicandas
430 2801 495 2842 esse
514 2781 714 2843 existimabat.
749 2784 852 2860 itaque
875 2802 913 2843 ne
937 2785 1011 2844 baec
1029 2785 1095 2861 qui·

75 2872 148 2933 dem
172 2871 276 2933 Sabini
298 2871 390 2933 verba
411 2870 564 2932 iudicandi
590 2872 672 2934 iusta
695 2877 861 2933 causaest.
907 2873 943 2933 de
967 2873 1095 2951 singulis

75 2963 111 3022 in
133 2961 209 3038 ipsis
232 2960 409 3037 fragmentis
431 2961 632 3038 proponendis
656 2961 861 3022 disserendum
883 2963 950 3023 erit.

170 3049 253 3123 Quod
271 3050 398 3128 denique
417 3051 454 3110 ad
473 3050 648 3110 collocanda
665 3049 767 3110 Sabini
786 3052 958 3128 fragmenta
976 3050 1095 3131 attinet,

74 3139 241 3216 unicuique
270 3158 306 3199 ea
331 3139 552 3215 praemittenda
579 3139 659 3216 duxi,
686 3158 763 3217 quae
787 3140 823 3200 de
846 3141 941 3218 ipsius
970 3140 1015 3199 rei
1038 3141 1095 3200 ori·

74 3228 149 3307 gine
181 3232 212 3289 et
241 3247 402 3305 progressu
430 3227 568 3303 inprimis
598 3247 616 3288 a
647 3227 721 3290 Gaio
750 3229 922 3309 traduntur,
952 3233 987 3289 ut
1017 3229 1095 3290 illud

75 3317 308 3377 fundamentum
338 3317 527 3393 aliquatenus
556 3320 710 3394 appareat,
740 3337 800 3394 quo
830 3321 861 3378 et
891 3317 1035 3378 Sabinum
1064 3320 1096 3379 in

74 3405 250 3467 statuendis
270 3410 301 3465 66
318 3406 500 3483 explicandis
518 3405 675 3465 sententiis
695 3406 757 3466 suis
776 3410 807 3466 et
824 3411 961 3483 posteros
976 3427 1095 3486 quoque

74 3494 154 3554 iuris
189 3494 353 3566 consultos,
388 3494 424 3554 de
460 3513 590 3571 qnorum
626 3495 782 3556 sententiis
813 3496 900 3556 nobis
914 3497 1095 3558 ·videndum

72 3583 145 3659 erit,
168 3582 216 3642 uti
242 3600 361 3643 necesse
385 3587 458 3644 erat.
