2568 3890
463 146 489 198 e.
515 141 544 197 o.
563 139 696 197 Arrius
715 141 843 196 curuo
1093 139 1156 208 277

151 312 302 372 curulium
324 303 372 391 (P.
388 303 476 392 842).
498 342 539 351 -
560 305 761 386 ‘Signatonus
784 310 893 369 anulus
916 309 1083 368 ornamenti
1106 327 1157 385 ap-

147 401 310 478 pellatione
337 419 398 460 non
425 393 604 460 continetur'
632 401 662 458 et
685 398 721 456 D.
737 399 787 470 34,
803 401 832 474 2,
848 400 898 475 25,
916 400 965 458 10.
1008 397 1157 474 Ulpianus

147 490 225 550 libro
257 489 506 567 quadragensimo
535 489 642 564 quarto
670 487 707 546 ad
736 486 880 546 Sabinum
907 479 956 567 (P.
975 483 1085 563 2914).
1116 518 1154 532 —
1193 536 1197 544 ,

150 573 348 638 ‘Ornamenta
370 576 529 636 muliebria
550 579 628 649 sunt,
652 575 761 650 quibus
778 576 888 635 mulier
907 579 1039 652 ornatur,
1062 575 1158 636 veluti

149 712 199 728 ...
225 667 308 727 anuli
331 668 450 742 praeter
474 664 655 743 signetorios
678 711 706 725 ..
723 657 741 724 .'

501 852 545 908 De
562 854 622 908 ritu
639 853 809 922 meptiarum.

239 961 290 1028 16.
320 961 410 1030 Paul.
433 985 464 1048 p.
489 962 540 1027 89.
574 998 612 1008 -
647 960 813 1026 Flammeo
851 960 1000 1026 amicitur
1033 959 1160 1024 nubens

149 1052 266 1118 ominis
293 1051 372 1116 boni
406 1073 517 1135 causa,
546 1052 630 1136 quod
659 1072 696 1115 eo
724 1049 851 1115 assidue
878 1048 1031 1114 utebatur
1057 1048 1160 1113 flami·

148 1142 234 1226 nica,
270 1141 304 1205 id
336 1144 387 1204 est
417 1140 556 1205 flaminis
593 1161 688 1223 uxor,
725 1139 776 1204 eui
807 1160 872 1204 non
904 1138 1024 1204 licebat
1055 1137 1160 1202 facere

148 1230 333 1296 divortium.

581 1332 625 1387 De
643 1343 725 1387 anno.

238 1443 288 1509 17.
321 1441 461 1507 Maerob.
485 1440 552 1507 Sat.
578 1440 724 1524 1‚14,5.
752 1478 796 1490 -
820 1491 826 1506 .
847 1490 880 1506 ..
904 1441 1020 1505 Ateius
1043 1437 1159 1523 Oapito

149 1552 268 1596 annum
293 1553 311 1595 a
334 1531 470 1596 circuitu
493 1531 649 1615 temporis
673 1534 767 1614 putat
788 1531 917 1615 dicium,
941 1531 1017 1614 quia
1035 1531 1159 1593 veteres

149 1619 214 1685 ‘an'
237 1642 296 1705 pro
320 1617 463 1685 ‘circum’
486 1640 606 1704 ponere
630 1619 786 1703 solebant,
808 1624 846 1684 ut
868 1617 949 1684 Cato
968 1618 1003 1682 in
1021 1616 1161 1702 Origini·

148 1709 208 1773 bus
233 1707 410 1774 ‘oratorum
430 1731 472 1774 an
491 1707 686 1792 terminum',
704 1707 738 1772 id
757 1713 807 1773 est
825 1709 909 1773 circa
927 1707 1108 1789 terminum,
1127 1709 1160 1770 et

149 1796 296 1863 ‘ambire’
321 1798 437 1863 dicitur
459 1803 518 1882 pro
543 1797 715 1861 cucumire.

524 1990 568 2044 De
586 1990 658 2044 dieis
676 1995 701 2044 et
719 1990 781 2044 dle.

239 2099 302 2165 18?
331 2097 419 2165 Serv.
442 2099 483 2163 ad
502 2099 582 2164 Aen.
601 2099 632 2180 5,
645 2098 698 2164 45.
723 2135 765 2146 -
788 2095 964 2164 ...Varro
989 2101 1022 2162 et
1044 2097 1159 2162 Ateius

149 2192 263 2254 contra
287 2189 442 2273 sentiunt,
465 2188 607 2253 dicentes
631 2185 746 2253 ‘divos'
768 2191 949 2272 perpetuos,
971 2185 1080 2266 ‘deos',
1103 2187 1159 2272 qui

149 2283 282 2361 propter
299 2277 350 2342 sui
364 2278 638 2342 consecrationem
653 2277 818 2359 timentur,
836 2280 873 2340 ut
887 2280 962 2340 sunt
976 2276 1020 2339 dii
1034 2269 1159 2342 Manes.

237 2397 377 2458 Fortasse
400 2399 456 2456 hoc
478 2399 683 2473 fragmentum
706 2415 773 2456 cnm
794 2399 930 2473 sequenti
947 2397 1049 2472 potius
1067 2396 1157 2456 Ateio

148 2485 305 2564 Philologo
322 2486 548 2546 attribuendum
567 2487 621 2545 est.
640 2485 691 2544 sed
704 2505 730 2545 v.
746 2484 887 2545 Huschke
901 2486 921 2544 1.
937 2504 960 2544 c.
974 2505 1002 2560 p.
1016 2488 1077 2544 122
1088 2506 1118 2547 n.
1130 2488 1158 2544 1.

352 2674 396 2729 Dc
413 2673 493 2728 ardis
510 2672 615 2728 Rornae
632 2672 821 2742 antiquissimo
839 2673 955 2726 comice.

239 2783 303 2849 19?
323 2781 412 2848 Serv.
425 2782 553 2848 adden.
567 2783 594 2865 1,
605 2783 678 2848 273.
693 2781 862 2846 -Ateius
877 2781 1006 2864 adserit,
1021 2779 1158 2846 Romam

150 2873 226 2936 ante
250 2872 421 2936 adventum
443 2871 589 2936 Euandri
613 2871 667 2936 diu
686 2870 870 2936 Valentiam
894 2869 1079 2954 vocitatum,
1102 2871 1158 2935 sed

148 2965 225 3045 post
248 2983 363 3044 graem
386 2963 515 3026 nomine
539 2960 664 3025 Romen
687 2961 871 3026 vocitatam.

237 3055 408 3114 Eorundem
431 3056 577 3115 librorum
600 3055 728 3114 fortasse
753 3057 831 3130 sunt,
855 3072 932 3131 quae
955 3054 991 3112 de
1009 3053 1157 3129 portentis

148 3143 230 3218 apud
239 3144 362 3203 Festum
377 3144 526 3222 leguntur.
550 3143 752 3203 Reitzenstein
762 3146 849 3219 p.47.
869 3144 1182 3220 cf.suprap.270sq.‘

555 3313 599 3368 Dc
612 3314 754 3381 portentis.

237 3423 290 3488 20.
316 3422 402 3488 Fest.
419 3445 450 3506 p.
469 3422 557 3488 245⁸.
586 3459 624 3468 -
652 3421 809 3487 Portenta
836 3422 1063 3488 existimarunt
1090 3423 1158 3506 qui·

149 3509 224 3575 dam
243 3512 357 3598 gravia
376 3533 454 3595 esse,
477 3515 605 3576 ostenta
624 3512 717 3577 bona.
754 3511 810 3576 alii
828 3515 979 3596 portenta
998 3513 1157 3598 quaedam
