2568 3890
167 147 234 213 284
270 148 290 206 Ι.
315 146 473 204 AETATIS
492 146 650 203 AUGUSTI
668 146 715 202 ΕΤ
733 145 868 202 TIBERII
885 147 982 204 IURIS
1001 148 1182 206 CONSULTI

164 312 250 393 opud
275 331 324 376 eos
350 312 443 394 dimit,
470 315 695 376 comessatorem
719 309 907 376 Mancinum
929 313 1080 378 aduodes
1102 333 1180 380 suos

163 401 294 478 emicem
321 421 390 466 oum
412 399 472 466 sibi
493 401 623 482 recipere
644 421 707 465 mom
728 399 824 481 fuisse
846 421 862 464 e
883 420 917 464 re
938 421 1010 486 suo,
1032 402 1086 466 sed
1106 423 1179 467 emm

163 490 196 554 oi
217 490 412 572 irrumperet,
440 489 594 570 lapidibus
615 490 783 572 depulsum.
830 489 963 554 Tribuni
984 492 1181 556 decreoerurri

164 578 293 642 aedilem
319 599 356 643 eor
383 599 416 643 eo
444 578 506 642 iooo
533 579 602 642 imre
628 580 786 663 Martum,
812 599 870 660 quo
893 599 962 643 emm
983 581 1085 644 uenire
1107 600 1179 645 oum

164 667 325 732 eorolbrrio
347 687 411 732 rom
433 666 593 744 demissam
613 671 775 751 propterea
792 688 830 731 ue
848 687 917 732 mm
933 669 1050 750 populo
1067 670 1180 735 aedilis

164 761 277 840 operat,
300 757 538 821 intercesserunt.

253 846 284 910 2.
304 843 384 910 Gell
401 845 452 928 10,
466 844 496 928 6,
510 844 661 909 2-4.-
623 843 816 946 —-·.Appii.
828 845 937 910 ‚illius
957 843 1052 910 Caeci
1070 845 1138 910 filia
1159 870 1180 912 ι

166 933 251 997 ludis
279 955 359 1018 quos
392 937 593 1017 spectaverat
622 933 729 998 exiens
757 934 855 999 turba
886 934 1025 1018 undique
1058 935 1179 1000 conflu-

166 1023 249 1087 entis
281 1023 359 1086 fluct
360 1023 531 1104 uanlisqua
568 1022 681 1105 populi
714 1023 837 1088 iactata
868 1026 1073 1108 astumque
1100 1023 1178 1089 indo

166 1132 299 1196 egressa
322 1132 395 1176 cum
419 1133 452 1174 se
476 1110 561 1174 male
583 1110 729 1175 habitam
752 1111 885 1176 diceret.
856 1111 996 1196 tquid
1020 1134 1178 1178 manuue

164 1200 287 1265 factum
320 1198 428 1282 esset',
459 1198 580 1284 inquit,
611 1197 807 1284 ‘quantoque
839 1201 941 1265 artius
969 1201 1177 1287 pressiusque

165 1289 348 1362 conflictata
371 1308 487 1372 essem,
516 1288 543 1353 si
566 1287 601 1352 P.
621 1286 787 1367 Claudius,
814 1288 916 1353 frater
939 1291 1178 1368 meus„navali

164 1377 288 1462 proelio
317 1378 451 1442 classem
483 1377 614 1442 navium
642 1398 714 1441 cum
744 1377 870 1464 ingenti
897 1378 1014 1442 civium
1043 1401 1178 1446 numero

164 1488 231 1531 non
262 1465 476 1550 perdidisset?
531 1471 616 1531 certe
648 1465 777 1551 quidem
813 1467 934 1531 maiore
962 1489 1051 1532 uunc
1084 1470 1178 1552 copia

164 1555 476 1709 bellabit
496 1554 1178 1726 titt?bruttiumttb

165 1736 262 1818 atque
280 1732 378 1798 istam
397 1733 464 1796 mul
466 1731 638 1797 titudinem
656 1732 818 1818 perditum
837 1736 900 1818 eat,
922 1755 1003 1818 quae
1022 1756 1073 1798 me
1090 1757 1177 1801 nuuc

163 1821 249 1886 male
283 1822 432 1886 miseram
466 1819 676 1887 convexavit'.
725 1823 766 1887 ob
799 1823 878 1887 haec
905 1823 1048 1887 mulieris
1075 1824 1176 1890 rerba

164 1913 234 1974 tam
253 1909 402 1994 improba
421 1931 458 1974 ac
476 1913 544 1975 tum
563 1908 757 1976 inciviliaC
771 1905 1018 1977 Fundaniuset
1028 1911 1175 1978 Tiberius

167 1997 389 2101 Sempronius,
420 1998 539 2062 aediles
562 1999 682 2083 plebei,
706 2000 843 2064 multum
866 2001 1066 2065 dixerunt
1039 2023 1069 2064 er
1091 2003 1175 2068 aeris

165 2089 273 2168 gravis
306 2087 425 2170 viginti
457 2085 597 2188 quinque
629 2086 728 2152 milia„
779 2088 811 2152 id
843 2088 910 2154 lact
896 2095 965 2154 tum
998 2111 1068 2155 esse
1097 2090 1176 2157 dicit

170 2171 267 2260 Oap't
241 2180 288 2240 rto
320 2175 394 2239 Αι
352 2179 436 2239 telus
473 2175 507 2238 in
544 2180 704 2239 comment
705 2177 774 2240 ario
810 2178 848 2242 de
880 2176 1006 2242 iudiciis
1038 2178 1174 2263 publicis

167 2263 251 2329 bello
274 2263 414 2328 Poenico
437 2263 554 2348 primo,
582 2262 683 2328 Fabio
708 2264 817 2330 Licino
841 2269 874 2330 et
897 2266 1034 2332 Otacilio
1058 2263 1175 2388 Orasso

163 2352 359 2418 consulibus.

253 2472 359 2532 Eidem
382 2473 459 2533 libro
483 2474 647 2551 attribuas,
670 2475 749 2552 quod
772 2475 887 2536 subieci
909 2477 1112 2555 fragmentum
1083 2499 1120 2538 m.

253 2593 283 2658 3.
316 2591 403 2657 Fosi.
426 2593 513 2659 273⁸.
542 2630 584 2641 -
613 2592 816 2678 ...Capito
849 2595 963 2660 Ateius
995 2597 1029 2661 iu
1062 2597 1175 2662 eadem

164 2682 292 2766 quidem
324 2682 475 2767 opinione
507 2687 558 2747 est
589 2679 646 2770 (sc.
680 2689 776 2768 atque
808 2684 919 2750 Aelius
948 2682 1085 2772 Gallus),
1118 2686 1174 2751 sed

164 2770 311 2873 exemplo
345 2770 477 2835 adiuvat
513 2771 814 2854 interpretationem
848 2771 904 2859 (sc
931 2774 1020 2839 vocis
1053 2773 1174 2861 reus'.)

163 2882 239 2924 nam
262 2860 295 2924 in
320 2859 460 2924 secunda
482 2859 597 2924 tabula
620 2860 758 2925 secunda
777 2861 890 2945 lege,
880 2884 914 2926 ιιι
934 2884 997 2947 qua
1017 2864 1117 2946 script
1117 2886 1173 2929 um

165 2952 228 3014 est:
251 2946 328 3034 quid
351 2947 468 3012 horum
491 2947 554 3012 fuit
540 2952 676 3012 tunum
698 2949 795 3014 iudici
819 2951 905 3015 arbit
891 2955 982 3016 trove
1004 2973 1112 3036 reove,
1135 2975 1174 3018 eo

163 3037 231 3102 dies
265 3037 420 3101 diffensus
453 3039 538 3118 esto,
569 3037 691 3101 hiat
654 3060 675 3102 ιι
676 3040 802 3122 terque,
835 3043 888 3104 ιιι
889 3061 926 3104 or
957 3061 1108 3125 reusque,
1139 3043 1174 3107 in

162 3126 281 3193 iudicio
314 3126 361 3190 rei
393 3129 540 3208 vocatur,
572 3127 713 3211 itemque
745 3131 875 3192 accusat
876 3150 913 3192 or
942 3127 981 3192 de
1009 3129 1062 3193 via
1090 3131 1175 3196 citur

164 3213 297 3300 (uidetur
317 3215 431 3297 fuisse:
455 3235 540 3278 nunc
562 3218 698 3300 uterque
720 3220 811 3281 actor
834 3220 867 3280 et
890 3218 943 3300 qui
967 3217 1000 3280 in
1020 3217 1173 3284 iudicium

164 3307 298 3368 vocatur
320 3303 461 3388 itemque
485 3308 653 3369 accusator
675 3326 748 3368 reus
771 3305 888 3370 dicitur
908 3307 968 3372 Tb.
985 3307 1173 3394 Mommsen)

164 3412 254 3456 more
276 3396 385 3457 vetere
409 3396 441 3456 et
465 3392 693 3458 consuetudine
716 3394 857 3478 antiqua.

251 3511 382 3570 Mueller
405 3512 441 3571 fr.
464 3513 554 3572 aliter
576 3513 741 3575 coustituit.
778 3514 814 3575 cf.
838 3515 900 3592 Ip.
916 3516 988 3576 249.
