2580 3888
429 151 454 201 2.
478 145 661 201 Maenalus
682 145 835 202 SABINUS
899 229 902 234 ,
1073 145 1138 210 369

127 313 209 374 trata
241 331 262 374 a
293 309 524 393 oiaoistratitas
556 309 618 374 loco
649 310 753 374 aedem
783 310 918 374 sacrarit
948 315 976 374 et
1006 309 1138 392 soonam,

134 398 340 480 Victoremqae
370 399 478 463 incisis
509 398 618 462 litteris
649 398 822 480 appellavit.
867 399 949 463 dedit
979 418 1048 480 erqo
1077 399 1138 480 epi

126 487 230 552 thctom
253 489 315 569 deo,
338 507 397 568 qao
415 492 444 551 et
460 491 675 570 oruamentum
692 491 824 551 oemram
841 487 1040 552 victoriarum
1058 487 1139 551 Her-

127 577 207 642 culis
229 581 257 640 et
282 577 527 641 commemoratio
549 596 645 640 aooae
667 574 821 658 historiae,
843 596 922 656 qaae
943 577 1053 640 recmti
1075 575 1140 641 Ro·

128 685 223 730 mano
245 685 332 730 sacro
355 685 481 730 carosam
503 665 594 748 dedit,
617 665 829 729 contineretur.

219 776 265 835 De
279 776 416 836 Herculis
435 777 465 835 in
485 777 549 836 foro
567 776 671 836 boario
691 794 744 835 ara
757 777 886 836 maxima
901 775 995 852 daque
1015 775 1140 835 decuma

129 865 158 925 ei
181 866 284 925 debite
306 863 332 924 v'.
356 865 612 924 Prellar11284.

536 1043 644 1102 Liber
666 1042 733 1102 VII.

535 1150 578 1204 De
596 1149 735 1206 censura?

221 1251 251 1315 3.
267 1250 348 1315 Gall.
358 1252 389 1326 4,
399 1251 450 1332 20,
462 1251 512 1315 11.
525 1287 563 1297 -
576 1298 601 1315 ..
616 1251 705 1315 aliud
719 1251 818 1314 refert
833 1248 971 1314 Sabinus
980 1248 1143 1313 Masurius

131 1343 166 1404 in
190 1339 329 1423 septimo
350 1339 530 1404 Memoriali
554 1360 661 1404 severe
685 1339 816 1404 factum.
853 1338 1005 1421 Censores,
1028 1337 1144 1420 inquit,

132 1429 267 1495 Publicos
291 1428 395 1510 Scipio
414 1429 533 1493 Nasica
556 1433 584 1492 et
600 1429 733 1493 Marcios
751 1427 895 1510 Popilius
917 1448 986 1492 cam
1009 1427 1143 1508 comitam

131 1538 255 1585 censam
274 1523 405 1601 aoercmt,
428 1537 538 1598 equam
556 1517 652 1581 mimis
669 1517 834 1599 striaosam
852 1522 881 1580 et
899 1517 980 1580 mate
997 1515 1144 1596 tabitam,

132 1609 187 1673 sed
207 1607 337 1689 eoroitem
360 1608 426 1670 eias
445 1605 634 1670 abarimam
656 1610 685 1669 et
701 1605 929 1670 habitissimum
946 1605 1093 1678 redamat,
1117 1609 1146 1667 et

133 1694 222 1776 ‘car',
245 1696 402 1777 inquiant,
422 1693 480 1758 ‘ita
503 1699 555 1778 est,
576 1698 613 1759 at
634 1697 666 1757 ta
689 1694 733 1758 sis
751 1714 845 1776 qaam
862 1714 956 1776 maus
973 1692 1145 1758 meatim?

133 1782 328 1866 ‘anmiam',
355 1783 470 1866 imqait,
499 1780 561 1865 ‘eoo
583 1803 631 1846 me
653 1803 740 1865 caro,
766 1803 878 1864 equam
905 1781 1025 1848 Statius
1051 1781 1146 1846 nihili

133 1869 255 1938 seroos'.
300 1873 401 1936 mmm
427 1876 472 1936 est
489 1892 604 1952 pamm
626 1891 689 1936 esse
710 1891 847 1936 reverens
868 1891 1046 1954 responsam
1068 1870 1147 1936 rela-

134 1967 241 2042 tasqae
263 1961 298 2024 ia
321 1961 466 2043 aerarios,
488 1964 524 2024 at
542 1981 607 2026 mos
625 1964 675 2026 est.

552 2143 660 2204 Liber
680 2142 729 2203 XI.

225 2257 262 2316 In
279 2259 334 2318 hoc
352 2259 429 2319 libro
449 2258 593 2318 Sabinum
613 2261 648 2318 de
668 2259 763 2320 civica
780 2279 889 2320 corona
907 2261 1016 2320 dixisse
1031 2258 1105 2319 Gall.
1117 2262 1147 2336 5,

138 2348 223 2423 6,13
247 2346 382 2424 tradidit,
406 2347 457 2425 qui
474 2349 506 2406 in
524 2349 581 2407 fine
600 2349 707 2424 capitis
728 2342 761 2426 (ἓ
779 2341 835 2427 27)
855 2349 982 2409 eundem
1000 2349 1091 2408 etiam
1110 2349 1146 2407 de

137 2436 279 2497 ovatione
298 2436 408 2495 dixisse
422 2436 474 2511 ait,
492 2437 573 2513 quod
590 2437 690 2495 nescio
710 2455 749 2494 an
766 2437 797 2494 in
816 2437 917 2496 eodem
937 2438 1013 2496 libro
1032 2438 1147 2497 factum

137 2525 186 2586 sit
219 2543 286 2583 oum
305 2525 351 2583 his
370 2524 547 2602 fragmentis
561 2544 580 2584 a
594 2523 691 2584 Gellio
706 2525 831 2585 serratis
845 2525 983 2584 Pliniana
1001 2525 1147 2602 quaedam

137 2613 347 2690 coniungenda
366 2616 444 2689 sunt,
468 2631 544 2689 quae
564 2613 630 2688 ipsa
648 2630 765 2688 quoque
784 2631 820 2670 ex
839 2613 992 2672 undecimo
1011 2613 1149 2673 Memori-

137 2702 232 2763 alium
260 2701 337 2761 libro
365 2701 461 2777 petita
488 2719 552 2760 esse
580 2703 713 2777 apparet.
761 2704 894 2759 cetarum
923 2701 1052 2760 maxima
1078 2721 1148 2778 pars

137 2811 243 2852 earnm
257 2811 367 2868 rerum,
386 2809 461 2866 quas
477 2789 590 2848 Gellius
606 2790 702 2864 capita
716 2789 769 2848 illo
784 2790 884 2866 refert,
904 2788 1014 2848 Sabino
1028 2790 1150 2848 videtur

138 2880 334 2941 attribuenda
371 2898 443 2938 esse.
499 2879 535 2938 cf.
567 2878 708 2938 Dirksen:
746 2877 969 2938 Hinterlassena
1001 2876 1150 2937 Schriften

138 2970 155 3030 I
174 2971 269 3046 resq.

464 3048 508 3104 De
526 3051 633 3104 coronis
650 3050 826 3104 militaribus.

231 3149 599 3232 ntaell.5,6‚1-4.
626 3185 663 3195 —
689 3149 848 3214 Militares
877 3170 1014 3215 coronae
1042 3149 1151 3212 multi·

142 3240 243 3305 feriae
264 3245 348 3304 sunt.
386 3261 522 3323 quarum
541 3260 622 3321 quae
640 3239 861 3302 nobilissimae
875 3241 961 3322 sunt,
978 3239 1037 3302 has
1051 3238 1151 3302 ferme

140 3351 213 3394 esse
237 3329 431 3413 accepimus:
460 3326 703 3410 triumphalem,
732 3326 981 3409 obsidionalem,
1008 3326 1152 3409 civicam,

143 3417 308 3499 muralem,
328 3420 533 3492 narnensem,
553 3417 709 3482 navalem.
752 3421 801 3479 est
820 3437 857 3480 ea
877 3436 1002 3501 quoque
1022 3436 1150 3496 corona,

141 3527 225 3590 quae
250 3507 351 3570 ovalis
377 3505 500 3587 dieitur,
524 3509 573 3569 est
596 3505 676 3570 item
699 3508 863 3589 postrema
887 3504 1064 3591 oleaginea,
1087 3527 1152 3590 qua

197 3619 292 3668 Iurlnpr.
307 3619 424 3660 antehadr.
438 3619 488 3659 relL
503 3618 537 3659 ad
551 3619 651 3661 Bremar.
673 3619 703 3660 11
907 3613 942 3662 24
