2580 3888
256 167 280 215 1.
302 160 478 218 DOMITIUS
497 161 594 218 Assa
629 170 653 218 2.
677 163 861 221 Masculus
886 161 1039 218 SABINUS
1084 161 1152 226 313

142 328 275 390 Geminis
303 329 489 409 consulibus,
518 331 661 390 adversus
689 349 756 390 eum
783 332 928 409 quiquid
952 330 1034 390 aliud
1061 349 1153 407 quam

142 421 357 478 testamentum
380 420 476 478 sciens
498 413 587 496 <dolo
611 419 689 478 melo
713 415 845 496 falsum>
869 420 1031 496 signaverit
1053 419 1151 497 signe·

142 508 206 568 rive
239 509 400 582 curaverit,
428 508 503 566 item
534 508 586 584 qui
612 508 651 567 ed
678 508 769 568 falsas
796 509 971 568 testationes
999 509 1152 569 faciendas

141 599 381 674 testamentaque
405 596 482 656 falsa
504 596 630 657 invicem
648 596 773 656 dicenda
791 601 846 656 aut
863 598 1064 676 consignanda
1082 598 1153 658 dolo

140 685 221 745 malo
240 685 353 763 coierit,
376 686 449 744 item
467 686 519 762 qui
542 686 579 746 ob
597 684 804 744 instruendam
824 685 1044 746 advocationem
1064 686 1150 746 testi-

140 773 278 834 moniare
305 775 463 850 pecuniam
491 775 638 851 acceperit
659 778 803 849 pectusve
826 775 917 834 fuerit
940 775 1151 836 societatemn

142 863 247 923 coierit
275 869 328 922 aut
355 863 488 940 aliquam
516 863 553 923 de
580 882 616 923 ea
638 858 691 941 <re
713 859 904 943 pac>tioncm
927 863 1152 940 interposuerit,

141 951 214 1010 item
233 952 259 1011 si
282 953 349 1029 quis
373 953 411 1013 ob
435 952 670 1012 denuntiandum
692 953 741 1013 vel
763 971 823 1011 non
846 951 1083 1012 denuntiandum
1104 970 1150 1011 re·

141 1040 358 1101 mittendumve
376 1041 583 1102 testimouium
601 1042 758 1118 pecuniam
772 1041 920 1118 acceperit
934 1039 1056 1121 (Collat.
1067 1042 1096 1117 8,
1107 1036 1152 1116 7).

142 1129 216 1189 iuris
240 1132 445 1190 consultorum
467 1131 500 1188 in
522 1133 577 1190 hec
600 1150 717 1208 quoque
741 1149 774 1190 re
797 1130 928 1190 officium
947 1130 1040 1189 fuisse
1059 1147 1151 1205 appa·

141 1221 196 1278 net.
233 1221 270 1278 cf.
289 1217 354 1279 Gai.
370 1222 399 1297 2,
415 1221 476 1280 105
498 1211 717 1301 (reprobatum
736 1220 831 1279 estin
849 1238 885 1279 ea
903 1238 935 1279 re
955 1218 1152 1278 domesticum

140 1301 383 1386 testimonium').

231 1396 412 1473 Fragmenta
434 1396 578 1457 librorum
601 1399 721 1457 servata
742 1415 801 1456 non
825 1399 903 1457 sunt.

564 1586 724 1596 -————-

368 1725 409 1806 2.
438 1725 691 1803 MASURIUS¹
722 1729 924 1802 SABINUS

142 1875 270 1933 tortasse
302 1873 483 1934 Veronensis
516 1865 562 1956 (in
593 1874 683 1934 titulo
715 1874 794 1933 enim
821 1871 987 1933 Veronensi
1013 1872 1042 1931 V
1065 1875 1154 1935 3924

142 1961 221 2021 inter
250 1967 403 2023 curatores
435 1964 541 2039 templi
573 1963 702 2024 alicuius
734 1962 907 2023 nominetur
939 1962 970 2022 Ο.
1000 1963 1155 2023 Masurius

215 2120 228 2166 1
258 2112 366 2169 Nomen
393 2113 478 2169 modo
502 2113 663 2170 ‘Masurius’
693 2115 777 2170 modo
801 2113 978 2169 ‘Massurius’
1007 2114 1151 2170 scribitun

145 2183 308 2240 ‘Massurius
330 2183 422 2240 haben
447 2183 494 2240 dis
517 2185 634 2254 Digesta
657 2187 695 2257 (1,
714 2191 739 2254 2,
758 2193 784 2254 2,
803 2191 845 2241 48.
872 2191 915 2250 19,
934 2194 958 2250 2,
978 2191 1021 2241 69.
1044 2193 1087 2256 30,
1106 2191 1149 2242 80.

143 2259 187 2322 ss,
198 2262 222 2324 1,
234 2260 292 2310 sos.
307 2261 350 2326 so,
361 2263 385 2322 s,
397 2263 420 2311 1.
440 2257 721 2326 so‚1e‚144)’‚ass0
735 2257 768 2312 D.
783 2262 825 2326 es,
837 2262 879 2325 ιο,
891 2263 932 2326 ιο,
943 2263 972 2324 6³
988 2256 1068 2313 ‘cos
1082 2257 1154 2313 ruse.

143 2333 168 2393 6,
179 2332 222 2394 24,
233 2330 266 2380 14
273 2344 316 2396 pr.
329 2329 387 2382 und
400 2329 467 2383 lust.
482 2333 508 2396 2,
524 2335 557 2382 14
568 2345 619 2398 pa,
633 2330 772 2384 Masurius
787 2329 847 2384 Gai.
862 2334 887 2396 3,
904 2335 955 2384 183
969 2329 1027 2383 und
1041 2327 1152 2383 Arrian.

142 2396 232 2466 Epist.
243 2403 268 2464 4,
279 2405 308 2464 ὃς
327 2397 374 2453 bei
388 2398 498 2454 Persius
517 2404 553 2468 (ὅ,
575 2403 634 2467 90),
651 2399 772 2466 Plinius,
792 2400 898 2454 Gellius
917 2400 974 2454 und
993 2399 1152 2455 Macrobius

142 2469 311 2524 schwaulren
334 2468 379 2524 die
402 2469 631 2524 Handschritten’
657 2468 783 2538 Krueger
805 2487 833 2538 p.
848 2475 908 2537 150,
923 2475 947 2525 1.
983 2470 1019 2524 de
1037 2471 1105 2525 Inst.
1124 2477 1153 2538 2,

143 2544 177 2593 14
187 2557 227 2608 pr.
238 2540 281 2594 vir
290 2539 466 2594 doctissimus
476 2541 559 2604 errat,
574 2557 637 2594 curn
646 2540 675 2593 in
685 2539 808 2595 editione
818 2539 855 2594 ab
865 2541 927 2608 ipso
936 2543 1036 2610 perata
1046 2541 1150 2595 ‘Masu-

141 2611 209 2665 rius’
222 2612 341 2679 legatur.
357 2611 405 2665 ssd
419 2627 471 2681 pro
485 2609 607 2664 Macerio
621 2613 768 2677 praeterea
777 2609 846 2664 feeit
857 2608 992 2664 ‘Masuria
1001 2612 1038 2666 M.
1048 2612 1067 2665 f.
1077 2613 1151 2667 Mar·

142 2681 225 2738 cella’
243 2681 400 2735 Wilmanns
413 2699 441 2735 ιι.
458 2684 510 2734 070
529 2681 558 2734 in
571 2679 753 2750 inscriptione
771 2681 876 2735 Romae
891 2697 916 2735 a.
931 2699 958 2748 p.
973 2681 1003 2735 O.
1018 2686 1052 2735 29
1066 2681 1154 2738 facte.

141 2754 301 2808 addendum
319 2753 364 2807 cst
381 2752 456 2834 apud
474 2752 651 2806 Athenaeum
669 2752 758 2806 sexies
784 2749 953 2822 Μασούριος,
971 2751 1155 2820 Μασσούριος

143 2824 290 2894 quinquies
314 2821 371 2948 1οῗ
401 2841 431 2877 ιιι
453 2824 509 2878 hac
530 2823 611 2878 tante
634 2822 789 2892 scripturae
807 2821 945 2877 varietate
963 2823 1066 2877 dixerit
1089 2823 1153 2890 quis

371 2865 444 2949 orsio
461 2897 547 2964 poeta
565 2894 741 2950 observatam
759 2893 907 2965 (Excepto
926 2892 1031 2962 siquid
1045 2892 1155 2948 Misisti

161 2896 335 2951 rosodiama

140 2914 255 3023 dubrica
268 2966 387 3020 setasit'
409 2969 434 3033 b,
453 2967 499 3037 90)
523 2966 693 3034 sequendam
717 2965 947 3034 scribendumque
967 2980 1027 3019 esse
1048 2965 1153 3020 ‘Masu-

142 3039 221 3094 rius'.
254 3039 285 3092 at
299 3041 329 3092 et
341 3036 468 3092 videmus
484 3053 525 3092 ex.
539 3055 581 3107 gr.
595 3037 739 3092 Lucanum
753 3039 783 3091 et
797 3037 897 3092 Silium
910 3036 1040 3091 Italicum
1055 3037 1162 3091 modu·

143 3109 220 3163 laudi
227 3108 365 3164 facilitate
378 3107 429 3164 illo
444 3111 518 3164 certe
532 3106 688 3178 superiores
703 3107 842 3163 Saburrae
855 3124 958 3163 nomen
972 3108 1040 3162 satis
1054 3110 1152 3162 notum

143 3196 239 3235 versus
258 3177 351 3250 gratia
368 3179 397 3234 in
417 3178 546 3235 ‘Sabura'
567 3179 614 3234 vel
633 3178 781 3234 ‘Sabbura'
802 3194 978 3248 corrumpere
996 3195 1053 3234 non
1072 3176 1152 3232 dubi-

143 3249 257 3319 tavisse,
272 3254 301 3305 et
320 3251 395 3320 apud
414 3250 590 3306 Athenaeum
608 3250 695 3305 semel
713 3251 792 3304 extat
804 3249 987 3318 Μανσούριος
1005 3249 1028 3319 (I
1042 3267 1069 3320 p.
1086 3254 1100 3304 1
1116 3253 1154 3318 ο),

142 3321 225 3390 unde,
240 3320 299 3376 sire
317 3338 330 3375 s
348 3323 424 3376 recte
448 3321 585 3376 scribatur
603 3321 662 3375 sive
685 3336 722 3390 ss,
739 3319 859 3390 primam
876 3321 995 3376 nominis
1015 3320 1151 3390 syllabam

144 3389 256 3474 longam
277 3407 337 3446 esee
356 3391 476 3448 conicias
498 3396 528 3447 st
551 3391 637 3447 fuisse
660 3394 783 3462 tempus,
808 3408 864 3461 quo
882 3394 917 3462 (s.
937 3391 1068 3462 lindsey,
1092 3390 1154 3446 lna

142 3461 225 3517 Latin
248 3464 391 3533 Linguags
415 3469 498 3534 p.69.
519 3465 580 3534 110)
602 3462 793 3534 pronuntiatio
816 3464 892 3518 inter
915 3461 1096 3519 ‘Massurius’
1123 3466 1156 3518 et

146 3531 344 3603 ‘Marmarico'
364 3535 494 3589 variaret.
527 3534 688 3590 Schroeder.
