2506 3880
380 179 404 228 t.
428 172 467 226 Μ.
486 171 682 228 ANTISTIUS
700 171 819 228 LABEO
1044 175 1108 239 143

172 341 397 420 Fragmentum
414 341 543 400 fortasse
560 359 621 401 non
641 341 688 400 his
706 340 800 420 libris,
819 343 871 402 sed
890 342 1107 419 posterioribus

87 431 318 492 adscribendum
343 447 408 489 esse
431 428 555 489 Pernioe
572 429 589 489 I
604 431 644 490 69
669 431 766 506 putat.

173 533 204 597 2.
226 528 621 616 Ge11.4,2‚12.-Eum.
633 532 720 595 ..cui
735 531 812 596 dens
827 531 961 620 deesset,
975 532 1105 601 Seruius
1139 527 1142 535 ’

87 620 251 686 redhiberi
278 640 375 704 posse
404 618 584 702 respondit,
612 617 721 684 Labeo
749 620 784 684 in
812 641 909 686 causa
937 644 1007 688 esse
1034 624 1105 689 red·

85 711 220 775 bibendi
243 707 392 794 negauit3
414 728 490 772 acm
511 712 541 772 el
561 729 685 792 magau,
707 708 821 792 inquit,
838 729 918 791 pars
940 713 1026 777 dente
1046 713 1105 779 all»

85 821 141 882 prro
161 803 281 881 carent,
299 817 396 880 aeqree
413 817 446 862 eo
463 798 563 880 meeis
575 799 716 880 plerique
728 797 865 863 homines
878 800 1011 865 morbosi
1023 808 1104 886 sual,

85 895 111 953 el
125 888 302 954 absurdam
316 887 484 951 adacalam
496 890 540 950 esl
552 887 659 970 dicere,
676 907 740 951 aon
753 906 846 952 sonos
858 889 947 953 nosci
959 888 1103 973 lamiam,

84 979 235 1060 quonium
258 995 328 1041 cum
350 974 524 1055 infantibus
546 995 609 1040 aon
630 976 726 1040 simul
748 977 850 1041 denia
869 978 1048 1060 pascatur.

173 1067 204 1130 3.
240 1063 321 1129 Gell.
340 1064 370 1147 4,
384 1063 458 1148 2,9.
480 1063 529 1127 10.
556 1099 594 1110 -—
620 1062 669 1128 De
692 1065 802 1128 sterila
900 1065 1047 1145 muliere,
1075 1067 1103 1131 si

83 1157 197 1220 nativa
222 1153 397 1218 sterilitate
420 1153 476 1231 sit,
499 1150 688 1217 Trebatium
712 1157 826 1218 contra
848 1152 1032 1218 Labeonem
1053 1176 1103 1219 re-

84 1244 258 1329 spondisse
275 1241 398 1319 dieunt.
431 1263 507 1305 nam
525 1262 597 1305 cum
615 1241 777 1306 redhiberi
796 1264 867 1307 eam
882 1241 992 1308 Labeo
1011 1244 1102 1328 quasi

83 1335 191 1398 minus
227 1352 340 1396 sanam
372 1333 534 1415 putasset,
564 1350 702 1415 negasse
729 1331 821 1396 aiunt
848 1331 1037 1397 Trebatium
1064 1353 1103 1396 ex

82 1423 189 1488 edicto
214 1421 271 1506 agi
293 1440 402 1504 posse,
426 1419 453 1483 si

169 1540 325 1602 Labeonis
352 1539 531 1600 sententiam
559 1538 591 1598 in
618 1557 759 1615 responsa
783 1544 934 1617 receptam
957 1543 1100 1603 hocloco

80 1630 285 1709 repetendam
302 1629 479 1690 existimaui.

495 1781 540 1836 De
556 1780 692 1852 fugitivis.

170 1884 202 1949 4
227 1880 335 1965 Ι).21,
352 1880 447 1966 1,17,
463 1883 514 1946 14.
553 1880 714 1966 Ulpianus
738 1881 822 1947 libro
845 1883 951 1968 primo
975 1882 1015 1947 ad
1035 1883 1121 1948 edi-¹

79 1977 169 2039 ctum
206 1971 360 2036 aedilium
389 1970 548 2034 curulium
575 1966 625 2057 (P.
646 1968 770 2059 17610).
799 2009 838 2019 —
867 1971 1027 2037 Erronem
1052 1973 1100 2038 ita

78 2062 199 2129 definit
225 2058 335 2125 Labeo
365 2058 519 2143 pusillum
546 2057 720 2144 fugitivum
748 2081 818 2126 esse
846 2066 879 2127 et
906 2082 945 2126 ex
973 2060 1098 2128 diverso

76 2151 260 2238 fugitivum
283 2167 438 2232 magnum
461 2169 609 2213 erronem
633 2170 710 2214 esse.

169 2238 203 2304 5.
223 2237 264 2303 D.
281 2237 332 2321 11,
345 2237 376 2318 4,
388 2237 416 2320 1,
425 2236 456 2302 5.
491 2235 652 2320 Ulpianus
671 2238 754 2303 libro
773 2240 879 2325 primo
899 2239 940 2304 ad
960 2241 1099 2306 edictum

75 2327 124 2417 (P.
147 2323 243 2414 186).
267 2362 310 2371 -
410 2325 541 2410 fugitivi
639 2328 855 2412 appellatione
889 2349 928 2392 ex
958 2328 1099 2415 fugitiva

73 2423 197 2484 natum
225 2435 295 2480 non
318 2413 477 2479 contineri
504 2414 614 2480 Labeo
642 2415 726 2481 libro
754 2417 861 2501 primo
890 2417 930 2480 ad
957 2417 1098 2485 edictum

75 2505 262 2591 <aedilium
286 2503 467 2587 curulium>
492 2504 613 2569 scribit.

164 2624 266 2686 Lenel
289 2623 322 2682 P.
342 2627 360 2684 6
384 2625 588 2701 fragmentum
612 2623 699 2682 libris
727 2622 766 2681 ad
795 2622 926 2681 edictum
947 2627 1096 2698 praetoris

73 2714 233 2779 adtribuit
255 2713 342 2772 nulla
364 2712 432 2789 alia,
454 2716 491 2772 ut
512 2713 640 2788 videtur,
662 2710 779 2770 ratione
799 2710 917 2787 duetus,
938 2710 998 2770 nisi
1016 2715 1095 2790 quod

71 2807 232 2884 Ulpianus
259 2801 337 2860 illud
365 2801 426 2861 suis
450 2803 489 2862 ad
510 2803 567 2862 hoc
590 2801 720 2861 edietum
742 2799 828 2860 libris
849 2798 1018 2860 inseruerit.
1063 2804 1095 2860 at

70 2896 204 2958 Pernice
225 2889 300 2951 168
319 2892 412 2950 recte:
436 2889 589 2968 „Gradena
608 2890 782 2969 unmoglich
801 2887 949 2949 erecheint
968 2908 1008 2967 es,
1029 2887 1094 2948 dale

70 3006 103 3047 er
122 2971 266 3068 (Labeo)
291 2979 340 3038 bei
358 2978 554 3058 Gelegenheit
575 2981 628 3040 der
645 2979 835 3056 Verhaftung
853 2979 907 3037 der
925 2977 1095 3038 Ausreilser

69 3074 171 3136 durch
207 3070 269 3129 den
294 3067 455 3147 Magistrat
473 3114 480 3130 .
496 3114 525 3131 ..
543 3069 610 3129 eine
637 3069 788 3147 derartige
809 3067 999 3145 Bemerlrung
1020 3065 1094 3126 uber

68 3165 123 3226 das
153 3157 359 3223 Kindeinsr
380 3158 585 3218 Ausreilserin
611 3158 751 3236 gemacht
776 3156 874 3216 haben
902 3155 999 3216 sollte.
1044 3153 1093 3213 Sie

67 3254 160 3314 weist
197 3247 347 3309 vielmehr
378 3247 511 3308 deutlich
543 3247 597 3306 auf
621 3247 669 3304 die
697 3245 930 3322 interpretation
957 3243 1011 3304 der
1037 3241 1093 3303 Ge-

66 3336 303 3414 wahrsmangel
324 3337 402 3395 nach
423 3335 637 3396 Aedilenrecht
657 3327 737 3394 hin.“

162 3451 199 3517 6.
222 3446 442 3531 D.21,1,17,
459 3447 508 3511 12.
549 3445 707 3531 Ulpianus
730 3444 813 3510 libro
836 3445 940 3529 primo
965 3443 1005 3509 ad
1028 3443 1092 3508 edi-

66 3549 161 3612 ctum
185 3535 345 3604 aedilium
364 3535 518 3599 curulium
539 3531 589 3621 (P.
606 3531 727 3621 17610).
744 3571 781 3582 ·-
799 3533 894 3618 Apud
908 3531 1092 3597 Labeonem
1176 3628 1180 3629 γ
