2568 3890
431 152 455 200 7.
478 143 516 201 Μ,
532 144 723 202 ANTISTIUS
742 148 861 217 LABEO
1085 150 1149 214 217

142 307 218 372 toris
241 311 297 370 aut
317 306 434 372 teredis
457 308 522 372 eius
544 314 631 386 esset;
654 311 823 391 redemptor
844 332 880 376 ea
902 313 1055 378 uotrrntate
1073 313 1151 379 toea·

141 397 217 460 toris
248 396 400 477 quaedam
432 397 468 460 in
500 416 585 478 opere
609 403 847 479 permutaverat.
901 403 1043 485 respondi
1074 424 1150 485 opus

140 485 264 566 quidem
286 505 323 548 en
346 485 407 567 tepe
429 486 510 550 dieta
532 507 594 550 non
617 488 857 572 riderifaetum,
878 491 1093 572 sedquoniam
1114 513 1150 558 en

139 573 294 726 §gumein
313 574 455 640 nornen
467 580 678 656 permutatum
696 580 778 650 esset,
801 579 1016 661 redemptorem
1034 581 1150 647 absolui

193 683 249 727 ere.

232 750 304 816 159.
336 749 374 814 D.
395 750 470 816 ibid.
490 752 553 830 §4-
585 789 622 798 —
653 751 810 819 Mandaei
837 754 905 838 tibi,
931 761 967 820 ut
992 763 1149 844 marteres,

138 841 250 921 quanti
287 840 395 904 uittam
430 841 592 921 aedificare
624 842 729 920 uelles;
767 845 954 908 renuntiasti
984 847 1061 910 miti
1092 849 1148 914 du·

140 933 296 992 centorum
323 930 496 1011 impensam
523 929 591 1014 <te>
619 936 762 995 eneutere.
807 937 889 996 eerta
916 936 1047 999 mercede
1073 956 1149 1018 opus

139 1016 194 1092 tdri
217 1018 322 1099 iocari,
342 1022 446 1099 postea
469 1019 601 1099 comperi
620 1040 683 1084 non
696 1039 785 1101 posse
803 1022 933 1086 minoris
951 1027 1149 1089 trecentorum

138 1126 206 1170 eam
229 1107 338 1170 uittam
360 1110 511 1185 constare;
540 1108 614 1171 data
642 1105 744 1173 autem
768 1109 823 1173 tibi
845 1116 934 1175 erant
954 1117 1085 1197 eentum,
1112 1135 1149 1179 en

138 1195 248 1277 quitus
279 1215 348 1259 eum
372 1199 496 1277 partem
527 1196 736 1280 impendisses,
768 1201 850 1263 vetui
881 1204 908 1263 te
940 1221 1015 1283 opus
1039 1201 1148 1282 faeere.

138 1285 214 1362 dini,
237 1285 266 1348 si
288 1303 364 1364 opus
383 1283 485 1364 faeere
501 1287 749 1370 perseveraveris,
772 1307 810 1351 en
831 1289 924 1353 toeato
944 1294 1039 1354 terum
1056 1289 1146 1375 <me>

138 1392 240 1458 apere,
262 1377 298 1436 ut
315 1374 463 1454 pecuniae
486 1373 564 1437 mibi
584 1375 737 1456 reliquum
758 1377 910 1442 restiteras.

411 1547 455 1602 De
472 1548 560 1616 operis
578 1547 711 1604 locatione
728 1551 876 1618 pmeratia.

228 1656 300 1720 160.
333 1655 372 1720 D.
390 1656 439 1740 19,
454 1656 484 1741 2,
498 1655 552 1741 58,
569 1658 596 1722 1.
638 1655 746 1723 Labeo
770 1659 852 1723 libro
877 1665 991 1745 quarto
1009 1663 1147 1746 posteri-

139 1766 231 1809 orum
255 1745 448 1810 aIavoleno
473 1745 731 1829 epitomatorum.
754 1748 857 1813 —In
879 1751 979 1830 operis
1002 1751 1147 1817 locatione

136 1854 199 1898 nan
221 1838 288 1898 erat
310 1835 437 1919 dietum,
459 1838 530 1898 ante
552 1855 646 1916 quam
669 1836 749 1900 diem
771 1836 853 1920 efflei
875 1839 1003 1916 deberet;
1031 1841 1147 1925 deinde,

136 1922 165 1987 si
186 1923 233 1986 ita
253 1922 374 2003 foetum
391 1944 453 1988 non
471 1927 551 2003 esset,
574 1925 684 2004 quant'
702 1925 844 1990 toeatoris
861 1927 1056 2018 interfuisset,
1081 1935 1147 1994 tan-

137 2016 202 2076 tam
218 2012 385 2094 pecuniam
408 2013 570 2077 conductor
586 2014 782 2094 promiserat.
827 2020 950 2082 eatenus
976 2038 1045 2082 eam
1072 2018 1145 2083 obti-

133 2101 288 2182 pationem
320 2101 460 2164 contrairi
485 2107 575 2184 puto,
606 2107 756 2183 quatenns
785 2105 834 2168 uir
861 2105 956 2170 bonus
984 2107 1020 2172 de
1045 2109 1146 2190 spatio

55 2249 60 2256 .
137 2191 279 2271 temporis
301 2189 501 2273 aestimasset,
530 2191 606 2272 quia
628 2192 663 2256 id
683 2197 786 2256 aetrem
809 2200 940 2276 apparet
960 2216 1035 2280 esse,
1057 2202 1093 2262 ut
1114 2217 1146 2262 eo

135 2279 235 2361 spatio
258 2278 474 2364 absolveretur,
496 2280 561 2344 sine
583 2300 643 2361 qno
665 2282 735 2364 pieri
756 2302 819 2347 nan
837 2285 942 2365 possit.

537 2497 584 2555 De
606 2499 743 2556 societate.

226 2615 298 2679 161.
331 2614 371 2679 D.
387 2615 437 2696 17,
451 2615 482 2698 2,
497 2615 548 2679 84.
585 2614 692 2679 Labeo
715 2614 799 2678 libro
820 2618 910 2680 sexto
929 2619 1146 2698 posteriorum

136 2727 155 2770 a
178 2703 331 2770 Iauoleno
362 2705 621 2789 epitomatorum.
648 2738 685 2749 -
712 2703 869 2780 Quotiens
896 2704 986 2768 iussu
1010 2707 1145 2772 alieuius

99 2853 103 2860 .
135 2793 185 2858 vel
214 2815 287 2858 oum
314 2792 381 2857 filio
410 2793 477 2856 eius
505 2792 557 2856 rel
585 2813 657 2857 oum
686 2798 839 2856 extraneo
867 2791 1004 2857 societas
1033 2794 1145 2880 coitur,

135 2881 259 2947 directo
283 2903 356 2948 oum
378 2881 465 2946 illius
487 2902 625 2964 persona
645 2882 698 2965 agi
718 2903 822 2965 posse,
845 2883 935 2946 ouius
953 2904 1092 2965 persona
1110 2885 1145 2948 in
1251 2879 1253 2886 '

134 2970 354 3039 contrahenda
378 2971 532 3035 societate
555 2973 700 3054 spectate
724 2970 775 3036 sit

224 3061 297 3126 162.
320 3058 358 3126 D.
377 3060 426 3143 17,
441 3060 471 3143 2,
487 3059 539 3140 65,
553 3059 582 3124 5.
627 3058 746 3124 Paulus
775 3060 858 3124 libro
882 3059 1073 3145 trigensimo
1097 3081 1145 3124 se·

134 3149 237 3214 eundo
262 3147 302 3213 ed
326 3147 466 3213 edietum
490 3145 539 3234 (P.
555 3144 643 3234 495).
666 3184 708 3194 -
731 3147 841 3213 Labeo
860 3149 1145 3232 ...posteriorum

133 3237 226 3303 libris
251 3237 390 3318 scribsit,
414 3237 441 3300 si
464 3238 697 3301 renuntiaverit
721 3237 868 3302 sooietrti
889 3259 971 3300 unus
991 3258 1030 3301 ex
1049 3237 1144 3303 sooiis

133 3348 171 3392 eo
195 3331 350 3411 temporo,
375 3346 437 3409 quo
461 3323 609 3390 interfuit
633 3324 711 3389 sooii
734 3346 798 3389 non
821 3325 928 3389 dirimi
948 3325 1145 3409 societatem,

135 3414 338 3481 committere
361 3435 433 3478 eum
457 3414 491 3478 in
513 3435 573 3496 pro
597 3413 685 3478 socio
704 3414 844 3496 uotiuum
867 3435 943 3479 nrm
963 3415 991 3479 si
1010 3417 1144 3481 emimus

134 3503 296 3588 mancipia
328 3503 410 3568 inito
443 3501 611 3586 societate,
648 3501 763 3567 deinde
796 3504 961 3568 renunties
994 3505 1075 3570 mihi
1107 3527 1144 3570 eo
