2580 3888
155 221 220 286 326
263 222 298 277 Il.
317 219 395 277 ·ΤΙΒ.
416 219 492 276 GAII
515 217 1039 276 coauo.NE110N.sussP.mals
1062 215 1164 274 coNS.
1235 289 1238 294 Ι

158 393 251 466 12,1.
298 385 437 450 ‘Sabinus
465 393 496 450 et
524 388 645 450 Cassius
673 388 808 448 scribunt
836 433 896 447 ...
923 386 1069 447 Proculus
1093 380 1165 446 ...'

155 479 223 539 vat·
242 473 340 639 goisl
365 569 403 628 ad
439 567 618 644 posteriores
653 567 727 626 iuris
759 565 920 642 prudentes
952 564 1076 640 attinet,
1112 564 1165 642 qui

156 657 277 736 quidem
305 660 373 717 ante
401 656 547 716 Hadriani
574 659 704 716 aetatem
728 654 829 715 Sabini
857 655 1003 714 rationem
1026 652 1166 729 babeant,

155 746 229 805 utile
256 745 378 806 videtur
404 747 500 822 primo
523 747 588 804 loco
612 744 802 816 Sabinianus,
833 743 939 803 deinde
962 741 1165 820 Proculienos,

155 838 304 935 postremo
346 853 396 895 eos
435 835 540 894 afferre
579 834 632 910 qui
667 834 730 892 utri
766 833 883 892 scholae
920 831 1014 891 dediti
1051 830 1165 890 luerint

154 941 428 1072 Qlllmslaelii
460 1010 589 1070 Sabini
620 1009 798 1087 fragmentis
829 1009 980 1069 Masurius
1016 1025 1165 1086 nusquam

155 1101 436 1250 landalzlolenus
459 1187 606 1248 Priscus
634 1187 778 1247 Sabinum
805 1187 910 1247 laudat
932 1191 963 1246 et
985 1187 1017 1246 in
1041 1185 1162 1264 Epistu-

154 1279 253 1338 larum
274 1278 358 1337 libris
382 1268 574 1360 (‘rsspondit:
598 1276 760 1337 seeundum
778 1275 919 1336 Massurii
938 1275 1042 1335 Sabini
1061 1274 1160 1352 opini-

155 1386 240 1426 onem
263 1369 336 1443 puto
359 1369 390 1426 te
413 1385 449 1426 ex
472 1367 620 1444 stipulatu
639 1385 727 1443 agere
746 1384 806 1426 non
823 1383 925 1441 posse3
948 1383 1018 1423 nam
1037 1363 1063 1422 is
1081 1365 1161 1423 recte
1273 1408 1275 1414 .

155 1455 353 1528 existimabat,
373 1449 409 1514 si’
429 1455 463 1514 D.
479 1457 530 1526 45,
547 1445 669 1537 1,105)
688 1457 719 1514 et
738 1456 768 1513 in
786 1454 872 1514 libris
890 1472 926 1512 ex
944 1452 1161 1530 posterioribus

155 1545 302 1604 Labeonis
321 1543 462 1604 coniectis
480 1541 490 1616 (
496 1537 672 1604 ‘Massurius
687 1537 827 1612 Sabinua'
846 1541 883 1602 D.
898 1545 952 1618 19,
960 1543 988 1618 2,
1000 1531 1057 1622 59)
1071 1545 1163 1618 atque

154 1633 198 1692 ita
217 1633 344 1710 quidem,
362 1635 397 1692 ut
414 1638 542 1710 utroquo
556 1633 626 1694 'loeo
645 1633 682 1693 de
699 1631 802 1692 Sabini
821 1631 969 1692 sententia
986 1647 1161 1706 responsum

155 1722 214 1780 det.
259 1722 391 1782 notabile
414 1727 571 1798 praeterea
594 1723 653 1792 est,
682 1721 762 1799 quod
785 1721 837 1798 qni
860 1719 1036 1781 Iauolenum
1058 1718 1095 1779 D.
1110 1720 1164 1794 42,

156 1813 184 1887 5,
200 1813 240 1870 28
265 1811 425 1888 consuluit,
448 1810 580 1886 scripsit:
609 1804 668 1870 ‘me
691 1811 768 1869 illud
789 1809 917 1869 maxime
939 1811 1053 1883 movet,
1082 1807 1162 1884 quod

154 1899 398 1976 praeceptoribus
420 1901 482 1958 tuis
504 1893 624 1974 placet'.

243 1987 279 2046 In
296 1987 482 2049 Proculianis
505 1987 666 2047 videndum
689 1989 735 2046 est
754 1987 790 2046 de
807 1986 909 2048 Nerva
927 1985 997 2060 filio,
1019 1985 1165 2062 Longino,

155 2075 283 2152 Pegaso,
307 2075 392 2136 Celso
415 2081 513 2153 petre,
536 2076 669 2136 Neratio.
715 2074 896 2151 Pomponius
920 2072 961 2150 ἐξ
977 2075 1029 2136 52.
1047 2076 1099 2135 53.

243 2163 343 2240 Atque
370 2165 402 2222 in
427 2164 566 2224 Nervae
592 2164 771 2242 fragmentis
798 2164 831 2222 in
857 2163 1018 2223 Iustiniani
1040 2163 1172 2240 Digesta·

155 2252 282 2328 receptis
302 2251 404 2312 Sabini
423 2252 539 2312 ‘mentio
562 2272 622 2312 non
645 2253 688 2329 fit,
712 2271 893 2330 quamquam
911 2251 1059 2329 Ulpianus
1078 2251 1164 2311 libris

155 2339 193 2399 ad
208 2341 349 2399 Sabinum
365 2341 498 2400 Nervam
513 2340 628 2401 laudat.
659 2341 815 2418 Longini
831 2360 940 2400 nomen
953 2341 990 2399 in
1002 2339 1166 2400 Iustiniani

155 2428 289 2508 Digestis
311 2448 459 2507 nusquam
480 2433 617 2507 apparet.

243 2517 419 2596 Pegasus,
441 2518 527 2579 ouius
545 2537 653 2580 nomen
671 2519 751 2579 etin
769 2517 925 2596 Pomponii
943 2521 974 2578 et
991 2517 1024 2577 in
1041 2517 1166 2594 Ulpiani

154 2606 239 2667 libris
271 2608 310 2668 ad
342 2607 487 2668 Sabinum
518 2609 683 2686 invenitur,
719 2608 751 2667 in
781 2607 988 2685 respondendo
1020 2606 1167 2666 Sabinum

154 2685 252 2757 modo'
279 2700 398 2757 secutus
436 2702 481 2758 est
513 2689 669 2780 (‘Sabinus
705 2702 737 2756 et
767 2697 900 2775 Pegasus
936 2689 1167 2772 responderunt’

155 2785 191 2844 D.
209 2787 258 2864 12,
278 2790 306 2860 5,
321 2776 424 2867 4pr.),
456 2786 542 2847 modo
574 2787 698 2862 reliquit
730 2780 889 2864 (Pegasus
922 2784 1075 2861 respondit

52 2895 55 2900 ·
156 2873 286 2934 Sabinus
309 2877 411 2934 autem
432 2867 637 2934 existimabat'
659 2873 697 2932 D.
710 2875 762 2952 43,
779 2876 807 2950 1,
823 2875 895 2946 115,
910 2865 953 2955 2).

243 2964 278 3022 In
297 2962 397 3023 Celsi
414 2963 533 3040 patris
552 2962 737 3039 fragmentis,
755 2981 832 3041 quae
846 2981 941 3038 pauca
955 2962 1069 3021 tradita
1087 2963 1169 3039 eunt,

156 3049 260 3110 Sabini
282 3070 391 3111 noman
414 3069 563 3128 nusquam
586 3054 677 3111 extat.
888 3125 891 3132 .

244 3140 421 3199 Neratius
443 3139 603 3218 Priscus,
627 3139 679 3217 qui
701 3139 734 3198 in
755 3139 911 3216 Pomponii
934 3139 1022 3199 Pauli
1044 3137 1170 3216 Ulpiani

154 3228 240 3288 libris
263 3229 302 3288 ael
323 3228 467 3288 Sabinum
489 3247 703 3304 nonnunquam
723 3227 873 3303 laudatur,
902 3227 1046 3288 Sabinum
1063 3227 1171 3287 laudat

155 3317 397 3377 Membranarum
424 3317 509 3376 libris
536 3308 674 3399 (³Sabino
694 3317 875 3395 ...plaeet,
902 3319 938 3376 ut
964 3317 1046 3392 apud
1072 3315 1168 3374 Nora-

155 3405 235 3463 tium
253 3405 330 3465 libro
349 3410 456 3483 quarto
475 3406 717 3466 Membranorum
735 3406 880 3482 scriptum
896 3399 955 3465 eet'
975 3404 1010 3466 D.
1026 3407 1055 3479 8,
1071 3405 1100 3481 6,
1117 3406 1171 3466 12.

156 3485 312 3553 ‘Neratius
340 3493 469 3554 Sabinus
493 3535 526 3552 ..
548 3539 555 3552 .
578 3488 675 3553 aiunt'
702 3494 737 3554 D.
758 3495 808 3567 24,
828 3496 857 3571 3,
878 3497 927 3569 rt,
948 3497 975 3553 2.
1022 3487 1171 3553 ‘Sabinus

154 3582 246 3654 putat
269 3626 274 3638 .
291 3627 297 3640 .
314 3625 321 3640 .
345 3581 487 3640 Neratius
506 3601 625 3658 quoque
643 3576 774 3642 dicebat'
793 3583 828 3643 D.
845 3586 873 3658 9,
888 3586 918 3656 4,
933 3585 984 3660 21,
999 3573 1043 3663 6).
