2580 3888
158 169 225 232 350
271 168 304 224 ΙΙ.
334 167 402 222 ΤΙΒ.
422 166 498 223 GAII
523 165 650 221 CLAUD.
669 164 805 220 NERON.
825 163 932 220 ΤΕΜΡ.
952 164 1047 220 IURIS
1072 165 1176 222 CONS.

157 337 285 396 Sabinus
309 331 493 395 entdeoken'.
530 338 632 394 tamen
655 335 735 410 quod
759 333 856 392 adhue
873 353 934 393 non
952 337 1033 394 certo
1052 353 1177 413 eognos-

157 427 244 500 eitur,
268 425 340 502 quin
364 425 394 483 id
416 443 448 483 re
473 441 544 484 vera
567 423 725 501 exstiterit,
749 423 888 481 dubitare
907 423 958 483 vix
976 424 1052 496 lieet,
1076 443 1177 501 neque

156 518 203 574 111
233 533 286 574 111
313 515 344 572 11
371 514 427 572 hae
454 534 487 574 re
510 512 645 572 Pernioei
669 514 862 587 praeceptum
885 532 913 587 p.
934 515 975 572 90
999 513 1104 571 datum
1128 531 1176 571 se·

157 623 299 680 quamur:
328 596 388 662 ‘die
416 602 614 678 Darstellung
643 601 694 660 des
723 599 1019 678 Sebulgegensatzes‚
1047 601 1103 660 wie
1130 601 1176 661 sie
1200 617 1203 624 ·

157 691 340 768 Pomponius
360 737 410 752 ...
430 691 523 768 giebt,
545 692 594 748 fur
613 690 665 749 der
684 689 897 748 Wirkliobkeit
914 690 998 748 nioht
1016 709 1090 768 ganz
1110 694 1176 750 ent·

157 781 321 857 spreobend
343 800 381 838 zu
403 774 527 839 halten'.
566 779 716 838 dissensus
735 779 972 849 fundamentum,
997 779 1055 838 nisi
1072 779 1174 856 fallor,

154 889 215 928 non
241 872 304 929 tam
333 869 365 927 in
391 869 457 929 iure
479 869 611 944 privato,
635 887 725 944 quam
747 867 779 924 in
801 867 868 925 iure
891 884 975 926 sacro
999 870 1030 927 et
1051 868 1173 943 publioo

155 958 289 1034 positum
312 962 367 1018 111.

244 1047 399 1106 Nonnulla
430 1047 544 1106 tradita
576 1047 647 1106 sunt
680 1043 789 1120 quibus
823 1043 950 1104 Sabinus
983 1064 1001 1103 a
1030 1045 1173 1105 Labeone

157 1136 340 1196 dissenserit.
386 1135 517 1212 primum
540 1133 718 1194 monendum
743 1136 789 1191 est
811 1134 847 1192 do
870 1133 1041 1210 pubertate:
1069 1134 1172 1194 Labeo

155 1226 234 1284 enim
259 1224 343 1283 annis
367 1224 555 1301 pubertatem
580 1223 809 1298 aestimandam,
833 1223 961 1282 Sabinus
985 1243 1054 1282 eum
1076 1223 1171 1298 pube-

155 1332 218 1372 rem
242 1331 305 1372 esse
329 1313 482 1388 iudicavit,
505 1312 558 1390 qui
579 1311 686 1371 habitu
710 1311 841 1387 eorporis
862 1313 1053 1387 pubertatem
1072 1315 1171 1371 osten-

155 1404 247 1476 deret,
270 1401 301 1460 id
324 1405 371 1461 est
393 1401 445 1479 qui
467 1420 611 1478 generare
634 1403 736 1476 posset
753 1392 834 1480 (Gai.
851 1404 878 1476 1,
895 1402 966 1460 196.
993 1402 1029 1461 11.
1045 1401 1171 1461 Pernioa

154 1490 177 1568 Ι,
198 1480 287 1571 209).
333 1491 437 1550 deinde
463 1493 598 1550 tutorem
625 1492 694 1548 ante
718 1488 834 1548 heredis
857 1489 1079 1550 institutionem
1103 1490 1169 1550 dari

153 1598 241 1655 posse
268 1578 370 1639 Labeo
399 1579 595 1655 existimavit,
623 1577 751 1637 Sabinus
779 1579 902 1655 negavit
930 1574 1009 1657 (Gai.
1034 1581 1063 1656 2,
1078 1573 1169 1657 231).

154 1687 221 1728 oum
249 1667 329 1726 filius
357 1668 487 1728 familias
514 1668 715 1745 argentariam
745 1671 908 1739 exerceret,
937 1671 1053 1743 patrem
1077 1668 1169 1728 ratio-

152 1776 221 1816 nem
245 1756 331 1815 edere
355 1777 414 1816 non
438 1757 513 1816 alias
537 1756 702 1834 cogendum
726 1774 790 1814 esse
812 1756 914 1816 Labeo
937 1757 1069 1834 putavit,
1099 1751 1169 1816 ‘nisi

153 1845 263 1904 sciente
294 1864 329 1905 oo
359 1847 530 1923 argentaria
558 1837 736 1921 exercetur’3
769 1846 821 1904 sed
849 1844 976 1904 Sabinus
1004 1845 1167 1921 respondit,

149 1937 224 1994 tune
248 1953 365 2011 quoque
390 1934 556 2012 cogendum
576 1952 648 2009 esse,
671 1953 738 1993 oum
758 1937 899 2010 quaestus
918 1934 998 2011 patri
1016 1935 1170 1994 referatur

153 2015 201 2104 (D.
222 2026 251 2099 2,
267 2025 317 2099 13,
332 2024 361 2098 4,
378 2015 420 2106 2).
472 2022 654 2082 dissentiunt
684 2023 720 2081 de
747 2025 896 2101 tempore,
924 2043 959 2083 ex
983 2042 1041 2100 quo
1065 2023 1168 2082 damni

150 2112 228 2171 ratio
261 2111 420 2187 habeatnr,
455 2131 521 2171 eum
553 2111 654 2170 missio
686 2111 718 2170 in
748 2112 967 2188 possessionem
999 2113 1081 2171 faeta
1112 2113 1166 2172 sit:

150 2200 251 2260 Labeo
275 2200 305 2258 id
328 2203 446 2276 tempus
470 2201 665 2276 spectandum
684 2218 747 2259 esse
770 2200 899 2276 putavit,
923 2220 959 2261 ex
983 2221 1041 2278 quo
1065 2201 1164 2260 deero

150 2291 214 2347 tum
248 2292 308 2362 est,
342 2288 483 2365 Sabinus,
516 2307 552 2348 ex
579 2307 638 2366 quo
664 2291 787 2348 ventum
815 2291 862 2349 est
888 2291 918 2349 iu
946 2289 1162 2366 possessionem

151 2368 264 2457 (1139,
275 2380 303 2451 2,
316 2380 366 2455 15,
378 2369 443 2458 32).
485 2378 559 2436 furti
582 2397 691 2438 nomen
714 2379 812 2438 Labeo
837 2397 855 2436 a
877 2380 974 2448 furvo,
999 2378 1126 2438 Sabinus
1146 2397 1165 2438 a

150 2467 256 2526 fraude
276 2465 443 2525 ducendum
462 2467 645 2528 existimavit
664 2461 714 2544 (D.
730 2469 782 2546 47,
793 2470 821 2544 ἱ),
833 2471 849 2525 1
862 2463 932 2546 pn),
956 2468 1163 2542 furtorumque

150 2573 261 2633 genera
275 2554 374 2614 Labeo
393 2555 462 2634 duo,
477 2556 604 2616 Sabinus
622 2559 765 2634 quattuor
779 2574 842 2616 esse
858 2557 933 2616 dixit
946 2550 1065 2638 ((1113,
1077 2555 1164 2628 183).

150 2643 237 2702 fundi
264 2644 418 2704 aediumve
445 2645 574 2723 furtum,
603 2645 682 2722 quod
705 2646 805 2706 Labeo
832 2647 897 2706 fieri
919 2664 1007 2722 posse
1030 2646 1163 2723 negavit,

152 2731 280 2792 Sabinus
308 2732 373 2792 fieri
401 2735 501 2794 docuit
529 2727 838 2816 (Gell.11,18,12).
882 2735 1020 2809 fundum,
1044 2735 1079 2794 de
1103 2753 1162 2810 quo

149 2839 304 2896 possessor
321 2823 351 2881 vi
370 2818 503 2882 deiectus
521 2824 568 2899 sit,
586 2823 1041 2902 11111111111111111111111111,
1060 2822 1166 2881 Labeo

149 2910 273 2986 negavit
298 2903 348 2988 (D.
360 2912 412 2988 47,
423 2914 451 2987 2,
463 2904 573 2992 25,1)‚
598 2910 723 2970 Sabinus
748 2913 930 2972 existimavit
954 2904 1003 2993 (D.
1016 2915 1066 2985 13,
1077 2914 1106 2988 3,
1118 2907 1162 2990 2).

149 2999 249 3059 Labeo
279 3018 346 3058 eum
375 3000 513 3058 exhibere
536 3000 669 3074 putavit,
698 2994 766 3077 ‘qni
792 3003 928 3077 praestat
956 3001 1019 3061 eius
1042 3002 1078 3060 de
1101 3019 1167 3077 qno-

149 3089 251 3165 agitur
273 3081 484 3164 praesentiam'
504 3079 555 3169 (D.
575 3090 627 3165 50,
644 3091 694 3166 15,
709 3082 849 3171 nuspa),
874 3089 1002 3149 Sabinus
1022 3109 1089 3149 oum
1108 3090 1163 3167 qui

147 3195 211 3235 rem
239 3176 418 3236 deteriorem
445 3177 625 3254 exhibuerit,
653 3196 712 3236 non
738 3179 889 3257 exhibere,
918 3179 1020 3257 itaque
1044 3179 1081 3238 ad
1110 3198 1163 3238 ex·

148 3265 310 3324 hibendum
342 3265 438 3324 teneri
471 3265 515 3324 111
542 3259 592 3345 (D.
614 3267 663 3339 10,
679 3268 709 3344 4,
729 3269 756 3341 9,
773 3261 816 3344 3).
861 3267 961 3328 Labeo
994 3287 1113 3329 servum
1143 3287 1162 3326 a

149 3353 268 3412 domino
296 3353 347 3430 qui
375 3354 536 3413 facultates
561 3372 630 3414 suas
655 3360 808 3432 suspectas
831 3356 950 3434 babuit,
977 3357 1105 3416 liberum
1128 3361 1165 3416 11

149 3441 289 3500 heredem
307 3442 491 3514 institutum,
513 3442 538 3501 si
557 3444 754 3504 oreditoribus
774 3446 847 3505 satis
865 3465 926 3506 non
944 3447 1050 3506 fauerit
1069 3446 1161 3505 bona-

149 3547 207 3604 que
226 3529 291 3589 eius
309 3533 446 3608 veneant,
470 3532 635 3609 ignominia
655 3533 742 3593 adfioi
760 3536 878 3611 putavit
896 3537 1010 3610 priores
1030 3538 1166 3612 11111111,
