2568 3890
188 175 254 238 210
289 174 309 229 I.
333 171 489 228 terens
508 172 668 228 AUGUSTI
685 173 731 228 ΕΤ
749 173 886 228 TIBERII
902 173 999 228 IURIS
1019 173 1202 230 consum

187 341 214 402 te
240 336 376 401 heredem
400 336 475 417 feeit
499 341 556 401 aut
581 337 643 401 atio
671 357 729 418 qao
756 338 879 402 aomiae
905 339 933 402 is
961 342 1031 402 taos
1053 357 1114 402 esse
1136 359 1201 402 eoe-

185 426 289 509 pisset,
305 430 408 507 petere
429 446 498 508 eaor
520 430 608 490 taam
631 445 693 490 esse
708 428 825 508 poteris
847 447 900 491 aaa
923 425 979 490 tibi
1001 426 1130 491 obstabit
1151 428 1201 492 rei

186 515 340 579 iadioatae
356 515 561 596 praescriptio
584 515 774 597 (eaeeptiot).

279 603 351 668 131.
391 600 431 668 D.
449 603 502 686 49,
522 603 573 685 15,
592 605 644 668 27.
704 603 874 669 Iavolenus
914 603 997 669 libro
1033 625 1119 668 nono
1157 626 1200 668 ex

188 692 421 774 posterioribus
441 691 611 756 Labeonis.
627 729 667 738 -
683 691 842 758 Latrones
863 693 926 757 tibi
945 714 1073 757 servum
1092 693 1200 776 eripu-

188 783 293 864 erant,
316 785 430 865 postea
452 781 479 844 is
503 802 613 845 servus
637 781 677 844 ad
699 780 877 846 Germanos
900 785 1097 864 pervenerat,
1118 781 1198 846 inde

187 873 221 932 in
239 869 324 934 bello
343 869 438 935 vietis
453 867 623 934 Germanis
642 892 753 934 servus
771 871 924 934 venierat
961 873 1083 953 negant
1100 891 1201 954 posse

187 959 321 1042 usucapi
344 981 417 1024 eum
436 958 477 1022 ab
497 963 640 1042 emptore
659 958 765 1023 Labeo
785 958 898 1024 Ofilius
917 959 1097 1040 Trebatius,
1120 959 1202 1042 quia

187 1068 298 1111 verum
326 1053 411 1112 esset
438 1069 511 1112 eum
539 1046 727 1130 subreptum
755 1069 837 1131 esse,
864 1069 922 1112 nee
946 1048 1030 1133 quod
1053 1048 1202 1112 hostium

189 1129 303 1200 fuis'set
318 1142 375 1200 aut
388 1135 588 1220 postliminia
603 1135 749 1220 redisset,
767 1137 796 1200 ei
810 1137 857 1202 rei
871 1136 1102 1220 impedimento
1117 1158 1201 1202 esse.

535 1338 537 1346 ,
561 1302 606 1356 De
623 1302 687 1356 aiao
706 1303 822 1357 oeadito.

280 1393 365 1458 132⁸.
389 1392 426 1456 D.
443 1393 494 1473 19,
510 1395 538 1476 1,
552 1392 604 1458 51.
642 1393 731 1458 Idem
756 1391 812 1480 (se.
830 1391 951 1479 Labeo)
975 1394 1058 1459 libro
1082 1393 1201 1479 quinto

187 1484 401 1568 posteriorum
430 1505 449 1546 a
476 1481 628 1548 Iauoleno
659 1483 918 1566 epitomatorem.
948 1517 986 1528 -
1017 1481 1051 1547 si
1080 1488 1112 1546 et
1139 1506 1203 1568 per

188 1576 366 1656 emptorem
403 1575 436 1635 et
467 1571 667 1636 venditorem
706 1593 797 1637 mora
828 1571 957 1655 fuisset,
993 1594 1056 1656 quo
1089 1573 1201 1638 minus

187 1661 299 1725 vinum
317 1658 526 1744 probaretur1
544 1664 577 1725 et
591 1661 780 1744 traderetur,
799 1660 930 1744 perinde
945 1682 1015 1726 esse
1030 1661 1085 1744 ait,
1104 1663 1202 1745 quasi

56 1816 62 1826 .
189 1750 217 1814 si
247 1771 305 1835 per
337 1753 513 1833 emptorem
546 1751 649 1813 solum
682 1749 839 1814 stetisset:
870 1771 936 1813 non
970 1749 1054 1813 enim
1087 1754 1204 1832 potest

187 1838 290 1902 videri
317 1859 408 1902 mora
436 1861 493 1922 per
521 1838 721 1902 venditorem
749 1839 888 1922 emptori
915 1838 1001 1903 faeta
1028 1858 1097 1902 esse
1125 1839 1202 1922 ipso

188 1948 314 1991 moram
337 1925 476 1991 faciente
500 1929 654 2009 emptore.

279 2011 367 2079 idib.
399 2013 438 2078 D.
462 2014 511 2094 18,
526 2015 556 2099 6,
572 2015 621 2080 18.
670 2014 867 2098 Pomponius
895 2015 979 2080 libro
1006 2015 1202 2100 trigensimo

189 2101 293 2184 primo
319 2102 359 2166 ad
383 2101 536 2185 Quintum
559 2101 709 2168 Munium.
734 2141 773 2149 -
875 2105 903 2168 si
930 2126 987 2188 per
1009 2103 1202 2170 venditorem

188 2193 222 2254 et
250 2196 428 2275 emptorem
456 2213 546 2255 mora
573 2191 683 2274 fuerit,
709 2190 817 2257 Labeo
917 2194 1031 2258 scribit
1058 2196 1199 2277 emptori

189 2279 298 2362 potius
321 2300 435 2343 nocere
459 2301 556 2364 quam
579 2279 739 2344 venditari
763 2302 887 2351 moram
910 2282 1099 2347 adhibitam.

505 2481 551 2539 De
573 2483 726 2554 frumentis
746 2483 875 2541 oeaditis.

278 2599 350 2666 133.
382 2599 422 2664 D.
438 2599 488 2683 18,
504 2602 533 2685 1,
548 2600 599 2682 78,
613 2600 643 2666 3.
684 2599 791 2665 Labeo
815 2600 899 2664 libro
923 2605 1037 2686 quarto
1062 2605 1201 2684 posteri-

188 2712 283 2754 orum
305 2712 324 2752 a
346 2688 498 2754 Iauoleno
523 2688 780 2773 epitomatorum.
802 2725 840 2736 —
865 2689 1038 2754 Frumento
1060 2711 1139 2772 qaae
1162 2695 1201 2758 iro

186 2779 286 2844 herbis
313 2782 402 2842 aaut
427 2799 496 2842 eaor
518 2779 716 2862 vendidisses,
742 2779 852 2844 diaisti
874 2784 913 2861 te,
939 2781 969 2845 si
990 2780 1066 2863 qaid
1086 2781 1120 2845 ai
1142 2788 1203 2848 aat

187 2872 360 2949 tempestate
374 2866 494 2946 factura
511 2871 591 2944 esset,
608 2870 849 2947 praestaturam.
885 2889 921 2932 ea
935 2868 1094 2949 fraaaata
1111 2872 1201 2938 aioes

187 2959 395 3038 eorraperaat.
440 2956 469 3018 si
494 2955 713 3018 immoderatae
736 2956 865 3037 faeraat
891 2962 920 3021 et
946 2962 1052 3022 aoaba
1075 2971 1200 3024 masae-

188 3045 325 3110 tadiaem
347 3043 542 3126 tempestatis,
565 3043 618 3125 api
640 3047 735 3108 1888
757 3064 795 3108 ea
817 3051 914 3128 erepto
933 3048 1052 3128 poterit.

517 3209 561 3265 De
579 3210 741 3265 aestimaretis
759 3211 863 3280 ereptis.

278 3301 350 3366 134.
369 3299 407 3364 D.
422 3300 574 3386 18,1,45.
597 3301 687 3366 Idem
702 3300 759 3384 (se.
769 3298 968 3388 Marcianus)
979 3302 1062 3367 libro
1078 3309 1201 3388 quarto

187 3387 395 3472 Regularum.
413 3426 451 3436 —
467 3388 575 3456 Labeo
595 3389 680 3455 libro
694 3389 723 3472 <.
736 3442 742 3455 .
757 3391 785 3475 .>
798 3391 1012 3475 posteriorum
1027 3391 1149 3477 scribit,
1170 3398 1200 3462 si

260 3548 274 3596 1
296 3543 342 3598 Fi.
363 3545 548 3613 praeberetur.
576 3548 677 3602 amaad
695 3548 730 3602 A.
752 3547 852 3603 Faber.
