2506 3880
152 151 196 216 96
233 153 254 206 1.
280 147 432 204 narnus
455 144 613 204 AUGUSTI
635 145 682 200 ΕΤ
704 145 840 200 ΤΙΒΕΒᾸΙ
863 115 958 200 lUltIS
982 143 1160 200 CONSULTI
1248 105 1249 138 t

505 324 509 330 ’
565 315 613 374 Dc
635 315 749 374 ederedo.

243 437 273 501 3.
305 435 346 500 D.
359 437 389 517 2,
406 436 455 519 13,
471 435 500 517 1,
517 435 544 498 1.
589 432 750 518 Ulpianus
778 433 862 498 libro
892 435 1008 517 quarto
1034 430 1074 495 ad
1098 431 1161 496 edi·

154 529 242 591 ctum
262 522 311 608 (P.
326 520 414 609 229).
433 559 475 569 -
494 522 599 588 Edere
622 526 673 586 est
696 522 796 586 etiam
814 521 941 605 copiam
961 519 1160 586 describendi
1248 509 1249 528 ¹

154 614 272 679 facere:
299 614 349 677 vel
378 613 413 676 in
439 611 549 676 libello
578 609 748 694 complecti
774 613 808 675 et
837 611 926 675 dare:
953 610 1003 674 vel
1034 609 1161 673 dictare.
1248 637 1249 646 ¹

154 725 225 767 eum
247 722 371 786 quoque
391 700 482 765 edere
497 700 604 765 Labeo
625 701 680 782 ait,
703 698 758 782 qni
771 699 928 782 producat
942 694 1160 764 adversarium

156 813 248 856 suum
272 790 313 854 ad
336 790 444 854 album
468 793 501 854 et
523 788 722 852 demonstret
741 787 824 870 quod
845 787 1023 852 dictaturus
1043 790 1093 851 cst
1110 787 1161 851 vel
1248 849 1249 872 3

155 878 342 947 iudicando¹
366 900 429 963 quo
452 879 500 942 uti
523 877 612 943 velit.
1248 889 1249 896 ¹

155 1038 352 1092 ‘lacrumans
369 1052 472 1088 nassas
490 1051 670 1087 axanomoaas
688 1050 819 1087 asmousu
838 1031 934 1104 <Quam
952 1051 1013 1092 onas
1031 1050 1163 1086 rossum

153 1127 206 1162 smr
223 1106 298 1180 nm),
322 1123 392 1164 cusa
417 1123 453 1158 su
473 1123 503 1158 ss
521 1123 662 1172 amusan,
683 1123 769 1158 aarum
786 1121 900 1158 sorrow
919 1124 965 1158 nra
984 1123 1017 1157 ar
1034 1104 1159 1158 cousuas’
1248 1115 1249 1196 p

521 1177 554 1230 D.
565 1180 590 1245 2,
603 1181 721 1244 13‚4pr.
732 1173 796 1244 Ulp.
1247 1197 1249 1338 p

243 1287 274 1351 4.
305 1285 345 1349 D.
359 1287 390 1367 2,
406 1285 457 1367 13,
470 1286 501 1368 4,
514 1286 545 1350 2.
589 1282 750 1366 Ulpianus
777 1283 861 1348 libro
890 1288 1006 1370 quarto
1034 1283 1076 1348 ad
1099 1283 1163 1348 edi-

153 1381 242 1442 ctum
261 1370 311 1461 (P.
325 1371 414 1461 232).
437 1411 479 1420 -
576 1376 609 1438 et
630 1371 716 1437 filius
738 1373 879 1438 familias
906 1372 1088 1438 continetur
1110 1372 1160 1437 his

154 1465 271 1543 verbis,
290 1467 327 1527 ut
340 1463 392 1528 vel
409 1464 479 1547 ipse
493 1467 629 1548 cogatur
642 1461 748 1526 edere:
768 1483 810 1526 an
825 1466 857 1526 et
869 1465 972 1545 pater,
990 1462 1162 1546 quaeritur.

155 1553 264 1619 Labeo
293 1551 407 1622 scribit
433 1554 560 1636 patrem
583 1572 650 1615 non
673 1551 865 1636 cogendum,
893 1549 957 1615 nisi
981 1551 1101 1615 sciente
1124 1572 1163 1617 co

156 1641 342 1726 argentaria
365 1645 539 1706 exercetur.
1248 1687 1249 1726 ,

244 1729 273 1796 5.
305 1729 345 1794 D.
360 1731 389 1813 2,
405 1730 456 1812 13,
470 1730 500 1813 6,
514 1729 545 1795 3.
589 1726 749 1813 Ulpianus
777 1728 860 1794 libro
892 1731 1007 1813 quarto
1036 1728 1077 1792 ad
1100 1727 1164 1792 edi·
1246 1727 1249 1812 l

154 1823 242 1884 ctum
267 1817 315 1905 (P.
330 1815 419 1904 239).
442 1817 682 1883 -Rationem
781 1838 850 1882 esse
873 1815 980 1882 Labeo
1008 1817 1054 1882 ait
1076 1818 1163 1882 ultro

155 1909 237 1975 citro
261 1907 357 1973 dandi
385 1906 575 1992 accipiendi,
602 1905 750 1971 credendi
774 1903 966 1990 (debendi),
997 1905 1164 1991 obligandi

155 1995 303 2061 solvendi
327 1997 377 2060 sui
400 2017 497 2061 causa
514 1994 786 2078 negotiationem:
809 2016 867 2059 nec
884 1995 985 2059 ullam
1003 1995 1166 2059 rationem

155 2084 243 2149 nuda
261 2085 430 2148 dumtaxat
448 2082 608 2149 solutione
627 2083 728 2148 debiti
746 2084 897 2167 incipere.
928 2104 988 2148 nec
1001 2083 1029 2148 si
1043 2082 1165 2168 pignus

155 2172 315 2255 acceperit
330 2176 387 2236 aut
401 2170 599 2256 mandatum,
613 2171 869 2254 compellendum
883 2171 991 2237 edere:
1005 2172 1067 2237 hoc
1077 2171 1165 2237 enim

154 2265 248 2325 extra
269 2260 429 2325 rationem
453 2281 532 2324 esse.

424 2426 472 2485 De
487 2427 586 2500 pactis
608 2429 634 2484 et
656 2427 894 2486 conventionibus.

244 2546 274 2611 6.
307 2545 346 2609 Ι).
361 2546 390 2630 2,
406 2545 457 2626 14,
471 2546 549 2631 2pr.
589 2544 711 2610 Paulus
734 2545 818 2610 libro
841 2545 938 2611 tertio
963 2545 1002 2610 ad
1022 2545 1169 2613 edictum

153 2632 204 2722 (P.
220 2632 308 2722 121).
327 2671 368 2683 —
388 2633 496 2700 Labeo
521 2635 567 2700 ait
590 2635 760 2700 convenire
778 2655 874 2720 posse
892 2635 944 2699 vel
963 2656 1012 2700 ro:
1035 2636 1087 2700 vel
1106 2657 1169 2718 per

154 2725 330 2808 epistulam
348 2724 400 2789 vel
418 2746 476 2806 per
488 2724 639 2788 nuntium
653 2724 739 2788 inter
754 2724 903 2788 absentes
918 2745 1045 2808 quoque
1058 2745 1170 2809 posse.

246 2814 274 2877 7.
305 2811 500 2895 Ι).2,14,7,
517 2813 567 2876 10.
604 2811 764 2897 Ulpianus
788 2813 872 2877 libro
897 2817 1011 2897 quarto
1035 2814 1076 2878 ad
1100 2813 1171 2877 edi·

154 2905 244 2966 ctum
267 2896 317 2987 (P.
332 2897 423 2986 245).
446 2936 490 2947 -
584 2901 612 2964 si
634 2900 805 2966 fraudandi
828 2922 924 2965 causa
946 2903 1077 2984 pactum
1097 2900 1171 2966 fac-

155 2995 226 3054 tum
254 2988 392 3071 dicatur,
421 2987 503 3053 nihil
525 2992 655 3073 praetor
678 2988 784 3053 adicit
830 2989 961 3054 sed
985 2989 1094 3056 Labeo
1118 2991 1171 3054 ait

154 3078 218 3144 hoc
246 3080 303 3143 aut
330 3077 475 3161 iniquum
504 3099 574 3142 esse
597 3081 654 3141 aut
677 3098 924 3161 supervacuum:
952 3078 1114 3164 iniquum,
1139 3080 1172 3143 si

156 3166 243 3250 quod
277 3166 375 3230 semel
408 3165 533 3232 remisit
562 3165 702 3231 creditor
730 3165 867 3232 debitori
895 3188 953 3232 suo
981 3167 1067 3234 bona
1094 3167 1172 3250 fide,

156 3257 274 3320 iterum
292 3255 354 3320 hoc
369 3259 503 3320 conetur
517 3254 692 3321 destruere:
711 3275 954 3341 supervacuum,
968 3256 996 3320 si
1011 3255 1171 3340 deceptus

156 3343 218 3407 hoc
240 3343 366 3427 fecerit,
388 3345 474 3410 inest
495 3345 581 3409 enim
605 3344 677 3410 dolo
702 3348 734 3409 et
757 3343 854 3410 fraus.

229 3519 243 3566 1
263 3515 292 3568 F
296 3517 313 3570 l.
332 3517 361 3571 id
380 3517 506 3574 dicendo.
