2506 3880
388 173 413 222 1.
434 166 474 223 11.
489 167 680 224 AN'l'lSTIUS
698 168 819 225 LABEO
1062 171 1103 234 91

187 335 276 405 Quod
302 335 342 394 ad
367 335 437 394 lites
459 335 570 395 attinet
596 355 672 413 quae
696 338 776 396 inter
798 337 878 398 cives
900 339 1051 398 Romanos
1075 343 1106 398 et

98 424 274 503 peregrinos
296 423 532 499 intercedebant,
559 433 666 484 notum
688 429 750 501 est,
773 427 965 504 peragrinum
987 447 1106 504 quoque

98 532 147 574 res
170 532 242 574 suas
264 512 416 572 vindicare
437 514 573 588 potuisse
602 508 735 594 ((1512,
754 517 805 574 40.
831 519 848 573 1
856 508 940 597 ,53)
967 520 998 575 et
1024 515 1106 575 fidei-

97 602 259 662 commissa
280 619 386 677 capere
409 596 544 680 ((1512,
567 597 647 680 285)
673 607 704 662 et
732 621 769 662 ex
796 621 951 663 servorum
976 605 1106 706 negotiis

98 691 259 768 adquirere
281 682 494 769 ((15ιῙ,52),
521 690 649 768 deniqne
676 711 713 750 er
734 693 940 752 numeratione
961 695 1105 770 pecuniae

98 772 232 860 (sesa,
253 771 332 858 132)
358 736 408 837 rel
434 798 471 837 ex
498 779 694 854 stipulatione
721 772 858 860 (Gai3,
879 774 1029 863 93120)
1055 783 1106 841 rel

99 888 137 928 er
159 869 242 927 furto
264 867 314 928 vel
336 885 373 925 er
395 867 534 927 damno
525 868 637 926 iniuria
658 869 730 928 dato
748 861 830 949 (Gai
847 872 878 942 4,
892 865 949 948 37)
970 870 1107 946 obligari.

99 959 180 1016 inter
209 955 265 1015 bas
297 974 415 1032 quoque
445 959 548 1032 partes
579 975 598 1015 a
629 961 768 1032 praetore
799 957 849 1016 vel
879 962 1103 1033 recuperatores

98 1046 251 1106 elabantur
271 1045 321 1103 rel
342 1063 420 1103 unns
441 1044 540 1103 iudex.
576 1043 641 1104 Gai
661 1048 786 1123 4105.
806 1049 878 1106 109.

187 1133 385 1192 Prudentium
416 1133 695 1209 interpretationem
725 1135 758 1194 in
787 1135 836 1194 his
866 1135 956 1194 rebus
983 1136 1106 1195 maximi

97 1223 244 1283 momenti
256 1222 348 1281 fcisse
361 1225 496 1297 apparet
518 1241 596 1299 quae
606 1241 676 1281 vero
684 1225 905 1302 proposuerint,
914 1224 1105 1301 aliquetenus

99 1332 136 1372 ex
150 1310 220 1371 Gaii
237 1311 457 1370 commentariis
471 1328 648 1388 cognoscere
662 1312 741 1370 lieet
766 1312 840 1372 baec
853 1313 933 1372 enim
947 1313 1105 1392 leguntur:

100 1406 129 1479 1,
150 1402 213 1460 128
236 1393 303 1458 ‘uec
325 1399 405 1458 enim
427 1399 506 1458 ratio
527 1401 654 1478 patitur,
675 1403 712 1459 nt
728 1401 904 1478 peregrinae
921 1402 1103 1462 condicionis

97 1490 188 1550 bomo
220 1488 316 1548 civem
345 1487 514 1547 Romanum
544 1488 577 1546 iu
606 1491 756 1564 potestate
787 1489 899 1549 babeat
920 1535 929 1552 .
948 1536 983 1550 ..
1010 1510 1105 1568 aeque

96 1579 177 1638 ratio
199 1596 261 1637 nou
280 1575 406 1652 patitur,
427 1580 465 1635 nt
485 1577 663 1654 peregrinae
685 1577 865 1638 condicionis
887 1580 976 1638 bomo
998 1579 1031 1638 in
1050 1600 1106 1656 po

96 1670 210 1728 testate
228 1666 270 1725 sit
287 1664 360 1724 civis
377 1665 506 1725 Romani
523 1659 676 1741 parentis'.
714 1669 745 1740 3,
763 1668 827 1727 133
851 1661 1105 1744 ‘transscriptieiis

99 1753 341 1815 ...nominibus
364 1773 403 1813 au
424 1753 597 1832 obligentur
618 1755 778 1832 peregrini,
802 1756 911 1816 merito
928 1753 1105 1832 quaeritur’.

95 1844 235 1920 inprimis
258 1843 442 1920 quaerebant
463 1843 538 1902 iuris
561 1843 706 1921 consulti,
726 1849 831 1902 nuum
853 1848 938 1904 certa
959 1846 1106 1922 quaedam

95 1934 241 1993 instituta
270 1930 345 1990 iuris
376 1930 475 1992 civilis
507 1949 547 1990 au
581 1932 657 1991 iuris
692 1933 829 2008 gentium
863 1934 1002 1994 babendo
1036 1936 1105 1996 siut

97 2021 163 2083 (lai
184 2013 546 2098 3,133‘qu0dnmmodo
567 2021 644 2080 iuris
665 2021 763 2081 civilis
785 2025 833 2082 eet
854 2023 926 2083 talis
945 2024 1104 2102 obligatio;

96 2111 179 2188 quod
200 2109 318 2169 Nervae
340 2102 476 2185 placuit'.
519 2112 548 2184 1,
563 2112 604 2169 52
627 2103 672 2168 ‘in
692 2113 844 2186 potestate
862 2116 1004 2174 ...sunt
1026 2115 1105 2175 servi

95 2199 293 2260 dominorum
348 2216 424 2273 quae
455 2197 576 2274 quidem
607 2202 741 2274 potestas
772 2201 847 2260 iuris
877 2202 1014 2278 gentium
1044 2208 1104 2280 est,

93 2307 166 2348 nam
185 2286 267 2363 apud
284 2304 387 2346 omnes
404 2304 554 2364 peraeque
572 2290 677 2365 gentes
695 2289 931 2350 animadvertere
944 2310 1105 2367 possumus

95 2377 226 2437 dominis
243 2374 276 2433 in
294 2393 394 2434 servos
411 2375 493 2435 vitae
511 2376 651 2452 necisque
669 2380 852 2452 potestatem
869 2397 942 2457 esse,
961 2384 993 2439 et
1010 2383 1105 2456 quod·

95 2483 224 2542 cumque
255 2482 309 2539 per
340 2482 460 2522 servum
491 2464 677 2541 adquiritur,
708 2466 740 2524 id
766 2465 886 2526 domino
913 2465 1104 2545 adquiritur’.

95 2555 199 2631 itaque
226 2552 374 2612 rationem
401 2557 433 2611 et
458 2551 577 2613 civilem
604 2555 636 2612 et
660 2554 829 2613 naturalem
858 2555 1012 2630 explorare
1034 2578 1105 2633 prn-

95 2643 233 2704 dentium
255 2645 328 2700 erat

186 2729 271 2801 Quae
293 2747 362 2790 cum
383 2729 429 2788 ita
450 2729 520 2806 sint,
542 2748 597 2805 pro
618 2729 767 2789 varietate
789 2733 879 2807 atque
896 2731 1105 2809 magnitudine

95 2839 199 2880 rerum
226 2817 467 2893 explicandarum
493 2818 546 2878 ille
573 2819 719 2878 librorum
745 2838 887 2880 numerus
913 2839 974 2880 non
1000 2820 1027 2880 is
1049 2827 1105 2897 est,

96 2910 148 2986 qui
176 2908 213 2967 de
240 2907 380 2967 universo
408 2925 497 2983 opere
524 2907 742 2968 dubitationem
763 2913 897 2982 moveat,
927 2910 1106 2986 praesertim

95 3017 164 3058 cum
187 2996 380 3056 librariorum
403 3014 502 3056 errore
524 2995 592 3056 fieri
613 2997 755 3076 potuerit,
778 3002 814 3058 nt
834 2993 1032 3077 ‘trigessimo’
1050 3018 1105 3076 pro

95 3078 285 3164 ‘vigessimo'
311 3084 360 3145 vel
387 3084 479 3144 etiam
500 3085 583 3144 XXX
611 3105 666 3162 pro
688 3087 747 3145 ΧΠ
772 3088 806 3146 in
830 3087 925 3148 libros
951 3088 1106 3165 irreperet

186 3172 346 3233 Alfredum
376 3171 499 3233 Pcruioo
530 3174 563 3232 in
594 3175 701 3234 eximio
732 3175 786 3235 illo
818 3195 919 3251 opere,
951 3177 1031 3254 quod
1061 3176 1106 3236 in·

96 3263 241 3325 scribitur
264 3262 303 3324 M.
326 3260 477 3322 Antistius
500 3262 614 3340 Labeo,
644 3263 790 3322 eiusmodi
812 3268 917 3342 caput,
940 3283 999 3341 quo
1021 3285 1106 3342 pere·

97 3353 253 3428 grinorum
281 3349 415 3410 condicio
443 3354 654 3429 exponeretur,
686 3351 816 3411 scribere
842 3353 975 3414 uoluisse
1004 3355 1105 3417 dolen-

99 3443 169 3502 dum
200 3442 256 3501 est.
306 3457 376 3498 nam
402 3457 463 3499 non
488 3439 577 3500 modo
605 3439 762 3518 Sabinum,
793 3441 937 3520 Nervam,
969 3441 1107 3504 Gessium

98 3523 339 3610 (Gai.3,133),
366 3527 419 3588 sed
445 3528 538 3588 etiam
559 3529 729 3589 Labeonem
751 3529 788 3588 de
809 3531 1034 3608 peregrinorum
1056 3533 1106 3593 vel
