2508 3896
369 231 371 239 ,
391 185 415 234 2.
439 177 623 236 MASURIUS
643 175 795 233 SABINUS
1033 175 1098 242 521

88 349 122 408 in
151 347 255 407 diebus
277 346 360 406 XXX
386 345 529 422 proximis
557 364 592 404 ea
614 364 663 404 res
686 345 792 422 fuerit,
820 345 1027 406 damnaturis
1050 345 1101 422 qui

91 437 234 496 damnum
253 436 373 496 dederit.
407 453 441 494 ac
459 454 496 494 ne
515 429 660 510 ‘plurimi'
679 434 799 512 quidem
816 434 939 494 verbnm
954 428 1103 494 adicitur?

92 525 158 586 Gai.
175 527 203 599 3,
219 525 402 585 210-218.

182 607 333 673 ‘Ceterum
359 613 474 689 placuit
500 612 545 671 ita
571 611 692 670 demum
719 631 755 670 er
782 612 842 671 ista
862 611 929 687 lege
953 612 1100 672 actionem

92 720 172 780 esse,
200 702 226 762 si
253 701 320 778 quis
347 719 468 776 corpore
497 719 550 760 suo
573 700 715 760 damnum
738 700 866 777 dederit,
893 701 1018 777 ideoque
1041 701 1102 760 alio

91 790 180 850 modo
209 790 316 849 damno
345 791 415 850 dato
442 789 532 848 utiles
561 789 692 850 actiones
718 789 841 866 dantur,
869 789 963 849 veluti
986 789 1012 848 si
1035 791 1103 866 quis

92 879 224 944 alienum
242 879 401 955 hominem
427 881 480 938 aut
506 878 649 954 pecudem
675 877 830 937 incluserit
857 881 887 936 et
911 877 990 936 fame
1013 896 1102 937 neon-

91 969 184 1044 verit,
215 971 270 1027 aut
301 969 468 1028 iumentum
499 968 587 1026 tuum
618 969 682 1024 tarn
708 967 899 1025 vehementer
927 965 1035 1043 egerit,
1066 969 1104 1025 ut

92 1059 298 1132 rumperetur3
325 1058 398 1116 item
422 1057 447 1116 si
469 1056 537 1133 quis
560 1055 657 1114 alieno
682 1072 767 1115 servo
789 1055 985 1131 persuaserit,
1011 1054 1102 1114 utin

92 1146 231 1205 arborem
269 1145 442 1204 ascenderet
472 1146 521 1204 vel
551 1144 583 1204 in
613 1145 740 1220 puteum
772 1143 975 1215 descenderet,
1013 1145 1044 1202 et
1073 1143 1101 1202 is

92 1234 279 1294 ascendendo
307 1236 359 1293 aut
387 1233 590 1293 descendendo
618 1232 758 1292 ceciderit
786 1226 860 1309 <et>
888 1236 942 1291 aut
964 1230 1102 1290 mortuus

93 1321 187 1384 fuerit
215 1326 268 1381 aut
296 1322 397 1397 aliqua
423 1323 508 1398 parte
536 1321 667 1396 corporis
694 1322 794 1380 laesus
822 1321 874 1395 sit3
902 1320 954 1379 sed
982 1319 1008 1380 si
1035 1320 1102 1397 quis

93 1411 227 1470 alienum
255 1430 374 1471 servum
401 1409 436 1469 de
463 1413 554 1485 ponte
582 1412 636 1468 aut
662 1410 728 1485 ripe
754 1410 786 1468 in
812 1409 924 1468 flumen
945 1409 1105 1485 proiecerit

94 1503 125 1560 et
152 1500 178 1558 is
206 1500 367 1559 suffocatus
393 1499 498 1573 fuerit,
525 1516 646 1573 corpere
674 1515 728 1558 sno
756 1498 897 1556 damnum
925 1497 1041 1556 dedisse
1066 1516 1103 1558 eo

92 1589 174 1667 quod
187 1588 354 1666 proiecerit,
372 1606 431 1646 non
446 1586 609 1646 difficiliter
621 1586 758 1664 intellegi
771 1581 891 1663 potest?
918 1585 982 1646 Gai.
991 1589 1019 1662 3,
1029 1588 1101 1684 ψ.

185 1673 258 1739 130.
294 1671 333 1736 D.
353 1672 383 1750 9,
402 1671 502 1755 2,36,
524 1670 554 1735 1.
603 1669 775 1735 Marcellus
807 1671 892 1735 libro
925 1671 1100 1735 vicensimo

92 1761 199 1846 primo
227 1759 436 1846 Digestorum
465 1756 513 1846 (Ρ.
531 1755 621 1844 237).
651 1796 689 1804 —
720 1757 755 1824 si
787 1759 935 1823 dominus
963 1779 1103 1841 servum,

94 1871 189 1934 quem
212 1849 317 1914 Titius
340 1847 506 1913 mortifere
530 1848 769 1931 vulneraverat,
794 1847 931 1911 liberum
954 1851 987 1911 et
1009 1846 1102 1911 here-

2 1976 4 1981 ·
94 1939 168 2002 dem
192 1959 260 2002 esse
283 1937 413 2002 iusserit
432 1938 524 2021 eique
542 1940 656 2021 postea
673 1933 819 2000 Maevius
838 1935 982 2000 extiterit
999 1935 1102 2020 heres,

93 2047 161 2092 non
179 2026 313 2092 habebit
325 2025 470 2092 Maevius
485 2048 556 2090 oum
571 2025 657 2090 Titio
671 2026 753 2111 legis
768 2023 918 2109 Aquiliae
933 2024 1104 2106 actionem,

94 2114 218 2180 scilieet
246 2113 421 2180 secundum
450 2111 562 2179 Sabini
589 2113 786 2198 opinionem,
814 2113 869 2198 qui
895 2113 1034 2198 putabat
1062 2114 1102 2178 ad

93 2203 245 2268 heredem
268 2205 429 2268 actionem
453 2225 518 2268 uon
540 2203 728 2283 transmitti,
751 2224 832 2288 quae
851 2201 1103 2268 defunctorem·
1145 2275 1147 2280 ,

94 2295 204 2378 petere
235 2315 301 2358 non
333 2293 454 2378 potuit,
485 2313 561 2356 nam
591 2313 667 2356 sane
696 2292 869 2357 absurdum
897 2291 1033 2375 accidet,
1065 2295 1103 2356 nt

93 2382 188 2445 hares
222 2381 362 2466 pretium
394 2380 487 2465 quasi
518 2381 616 2446 occisi
648 2384 862 2464 consequatur
894 2381 975 2458 eius,
1012 2379 1102 2444 ouius

92 2469 189 2534 heres
209 2469 343 2533 exstitit.
380 2468 464 2553 quod
484 2469 512 2533 si
530 2490 568 2532 ex
587 2473 678 2552 parte
698 2489 770 2532 eum
789 2466 937 2533 domiuus
951 2468 1102 2532 heredem

94 2578 170 2624 cum
200 2556 350 2621 libertate
379 2577 449 2621 esse
476 2557 619 2642 iusserit,
652 2555 782 2621 coheres
811 2557 879 2621 eius
907 2560 1035 2620 mortuo
1064 2577 1103 2620 eo

94 2648 172 2731 aget
194 2645 266 2731 lege
289 2645 431 2729 Aquilia.

187 2734 272 2799 131⁸.
293 2731 362 2798 Gai.
373 2734 487 2817 3,218.
501 2769 544 2780 ·-
618 2732 748 2817 quidam
762 2734 957 2816 putaverunt
966 2731 1103 2796 liberum

94 2845 166 2888 esse
185 2823 284 2888 iudici
303 2823 344 2886 ad
362 2821 395 2886 id
413 2826 540 2907 tempus
559 2843 598 2887 ex
612 2822 724 2887 diebus
739 2819 832 2886 XXX
846 2819 1104 2884 aestimationem

93 2913 250 2997 redigere,
273 2933 336 2996 quo
357 2912 487 2994 plurimi
505 2932 556 2975 res
574 2909 683 2996 fuerit,
705 2911 756 2975 rel
776 2909 815 2975 ad
835 2909 866 2973 id
886 2930 949 2993 quo
969 2909 1103 2972 minoris

93 3001 201 3066 fuerit.
252 2999 307 3065 sed
340 2996 459 3064 Sabino
492 2999 613 3082 placuit
638 2999 772 3081 proinde
799 2997 981 3063 habendum
1010 3017 1047 3061 ac
1075 2997 1104 3061 si

95 3090 196 3154 etiam
215 3088 277 3154 hac
295 3092 386 3172 parte
404 3087 559 3172 ‘plurimi'
579 3088 710 3152 verbum
731 3087 890 3152 adiectum
909 3089 1007 3170 esset;
1027 3107 1103 3150 nam

93 3177 177 3262 legis
200 3178 336 3243 latorem
360 3180 546 3242 contentum
569 3174 677 3260 fuisse,
699 3175 807 3260 <quod
828 3175 935 3260 prima
954 3177 1046 3258 parte
1066 3196 1103 3240 eo

93 3267 194 3334 verbo
217 3288 295 3331 usus
319 3264 435 3349 esset).

188 3352 275 3419 131b.
305 3353 330 3421 Ι.
344 3355 374 3439 4,
390 3355 419 3439 3,
436 3355 486 3420 14.
503 3353 552 3418 15.
571 3388 614 3399 —
633 3351 704 3417 Hoc
723 3401 752 3417 ..
771 3351 878 3436 capite
901 3374 966 3418 non
991 3352 1105 3436 quanti

92 3445 131 3510 in
154 3464 192 3507 eo
216 3465 313 3524 anno,
337 3443 392 3508 sed
412 3444 523 3528 quanti
541 3442 576 3506 in
595 3441 707 3506 diebus
725 3441 861 3526 triginta
879 3441 1034 3525 proximis
1053 3463 1103 3506 res

93 3531 205 3615 fuerit,
220 3531 382 3616 obligatur
395 3533 423 3596 is
438 3532 493 3617 qui
507 3531 660 3596 damnum
674 3531 805 3596 dederit.
842 3552 880 3597 ac
894 3552 933 3596 ne
949 3529 1103 3616 ‘plurimi'

1205 3664 1226 3696 ι
1250 3643 1252 3696 Ι
