2512 3888
166 173 236 236 442
277 170 310 224 ll.
338 169 405 226 ΤΙΒ.
425 169 499 224 eall
526 169 652 224 CLAUD.
676 168 810 225 NERON.
829 169 936 224 TEMP.
955 168 1050 224 IURIS
1075 167 1174 226 OONS.

167 332 281 397 deinde
300 335 375 415 post
393 335 621 397 testamentum
639 331 760 397 factum
780 352 851 395 eam
869 331 1065 415 alienaverit,
1083 333 1174 416 pleri-

168 442 229 504 que
244 424 361 504 putant
372 441 437 484 non
453 421 558 485 solum
572 420 640 484 inre
651 421 738 484 civili
748 419 861 484 inutile
872 442 940 485 ease
950 421 1104 504 legatum,
1118 420 1172 486 aad

168 531 228 573 nec
251 529 290 573 ex
313 513 443 574 senatus
463 507 610 574 consulto
629 509 819 574 confirmari.
861 509 945 592 quod
963 509 1035 574 ideo
1055 509 1174 574 dictum

165 600 229 679 est,
261 597 336 681 quia
368 601 401 662 et
433 598 461 662 ai
492 619 549 681 per
576 597 814 662 damnationem
843 597 959 681 aliquia
986 619 1055 662 rem
1083 621 1172 663 suam

166 685 325 769 legaverit
351 708 484 771 eamque
511 692 626 770 postea
653 685 853 769 alienaverit,
882 685 1027 770 plerique
1050 691 1174 772 putant,

167 772 243 839 licet
274 774 345 859 ipao
377 775 445 840 iure
475 774 629 839 debeatur
655 774 812 860 legatum,
844 778 954 840 tamen
980 775 1172 858 legatarium

165 866 330 947 petentem
366 885 462 949 posse
498 885 555 947 per
591 862 811 946 exceptionem
847 863 913 927 doli
944 863 1021 928 mali
1053 865 1172 948 repelli,

166 954 259 1036 quasi
283 956 396 1017 eontra
420 952 619 1017 voluntatem
642 951 781 1016 defuncti
802 954 903 1035 petat.

255 1050 297 1115 9?
325 1049 394 1115 Gai.
413 1051 444 1130 2,
462 1050 536 1115 208.
561 1084 600 1096 -
626 1049 833 1132 ..plerisque
855 1049 989 1134 placuit,
1016 1055 1172 1134 quantum

166 1139 207 1203 ad
222 1188 229 1202 .
244 1187 251 1202 .
265 1139 316 1203 ius
338 1138 423 1223 quod
441 1138 514 1222 lege
533 1137 634 1221 Papia
652 1137 831 1202 coniunctis
850 1138 1070 1219 constituitur,
1091 1139 1172 1204 nihil

164 1227 453 1402 ἰὲἑίιῂῗὲθ,8ῗῄὴωω
467 1248 525 1310 per
539 1225 790 1292 vindicationem
805 1247 846 1290 an
860 1248 918 1310 per
931 1226 1170 1292 damnationem

257 1422 307 1489 10.
330 1420 369 1486 D.
388 1422 440 1503 33,
456 1421 485 1502 1,
497 1424 528 1486 4.
559 1421 678 1486 Paulus
701 1421 784 1486 libro
809 1421 1009 1505 sexagesimo
1033 1423 1171 1487 secundo

165 1514 205 1577 ad
233 1512 371 1577 edictum
398 1507 448 1597 (P.
468 1507 556 1597 733).
582 1547 620 1558 -
647 1507 682 1575 Si
708 1511 741 1574 in
770 1510 916 1596 singulos
944 1531 1046 1574 annos
1077 1511 1172 1577 alicui

30 1619 33 1625 ’
163 1602 307 1685 legatum
330 1599 382 1679 sit,
405 1597 542 1664 Sabinus
631 1598 725 1682 plura
745 1599 853 1683 legata
872 1620 941 1663 esse
960 1599 1007 1662 ait
1025 1603 1059 1662 et
1077 1601 1173 1685 primi

164 1691 241 1754 anni
278 1710 406 1771 purum,
443 1689 645 1772 sequentium
684 1685 915 1752 condicionale:
952 1685 1054 1751 videri
1088 1689 1171 1753 enim

165 1778 247 1843 bano
271 1778 377 1842 inesse
401 1776 620 1842 condicionem
645 1774 685 1840 ‘si
707 1775 806 1840 vivat’
832 1779 865 1840 et
886 1775 958 1841 ideo
982 1779 1112 1842 mortuo
1136 1798 1171 1842 eo

164 1868 204 1931 ad
226 1864 377 1932 heredem
399 1867 544 1950 legatum
567 1886 631 1929 non
655 1865 804 1929 transire.

255 1963 305 2028 11.
328 1963 366 2026 D.
382 1963 433 2045 36,
448 1965 477 2043 2,
493 1963 544 2042 12,
560 1963 587 2026 1.
623 1961 783 2047 Ulpianus
802 1961 884 2026 libro
904 1961 1054 2026 vicesimo
1074 1964 1171 2028 tertio

164 2051 204 2116 ad
220 2049 376 2116 Sabinum
393 2048 442 2135 (P.
455 2046 581 2136 2645b).
595 2085 637 2098 -
653 2099 661 2114 .
675 2099 683 2116 .
697 2054 804 2116 utrum
819 2050 912 2116 initio
927 2050 1081 2135 cuiusque
1095 2052 1172 2116 anni

165 2161 204 2202 an
227 2160 302 2203 vero
324 2139 416 2202 finito
440 2159 526 2203 anno
549 2138 651 2220 cedat,
674 2139 874 2222 quaestionis
897 2138 967 2203 fuit
1009 2145 1041 2202 et
1061 2138 1169 2206 Labeo

161 2226 238 2312 <et>
262 2224 399 2290 Sabinus
418 2226 520 2292 ...in
545 2226 710 2312 omnibus,
736 2227 874 2312 quaein
897 2248 998 2291 annos
1022 2227 1170 2314 singulos

163 2316 395 2398 relinquuntur,
419 2314 480 2379 boc
502 2315 729 2400 probaverunt,
751 2320 788 2382 ut
809 2315 902 2381 initio
921 2315 1075 2400 cuiusque
1094 2319 1170 2382 anni

161 2403 256 2468 huius
279 2403 380 2487 legati
404 2403 470 2468 diea
494 2404 626 2470 eederet.

254 2501 303 2566 12.
323 2500 362 2566 D.
374 2501 424 2585 22,
436 2501 568 2585 1,38‚v.
599 2502 719 2567 Paulus
737 2500 820 2566 libro
840 2504 929 2566 serto
949 2500 988 2566 ad
1006 2500 1170 2567 Plautium

160 2586 211 2676 (P.
229 2588 337 2678 1132).
371 2627 409 2638 -
437 2589 470 2656 Si
494 2590 654 2656 actionem
683 2590 820 2655 habeam
848 2591 887 2654 ad
915 2588 947 2654 id
974 2612 1169 2675 consequen·

162 2679 237 2744 dum
262 2680 345 2764 quod
368 2702 474 2744 meum
498 2703 564 2746 non
587 2681 656 2762 fuit,
679 2679 779 2744 veluti
796 2677 857 2762 <ex
875 2680 983 2764 legato
1004 2701 1062 2763 per
1081 2679 1169 2745 dam·

160 2769 325 2834 nationem
352 2769 426 2853 vel>
454 2791 492 2832 ex
524 2769 694 2852 stipulatu,
725 2767 848 2832 fructus
879 2789 946 2831 non
978 2787 1170 2853 consequar,

159 2857 287 2922 etiamsi
306 2879 396 2922 mora
414 2857 501 2921 facta
520 2857 575 2920 ait:
599 2856 682 2940 quod
702 2857 730 2920 si
749 2859 916 2939 acceptum
936 2859 986 2920 eat
1003 2856 1169 2936 iudicium,

159 2949 237 3010 tunc
260 2941 398 3010 Sabinus
428 2950 460 3008 et
482 2943 613 3009 Cassius
642 2966 680 3008 ex
708 2944 868 3028 aequitate
892 2943 1015 3009 fructus
1039 2965 1168 3031 quoque

161 3037 237 3115 post
251 3037 417 3116 acceptum
431 3032 583 3097 iudicium
592 3031 804 3117 <perceptoa>
814 3031 1026 3116 praestandos
1040 3038 1169 3119 putant,

159 3126 195 3186 ut
219 3143 317 3186 eausa
339 3120 538 3186 restituatur.

248 3257 284 3318 cf.
308 3256 365 3318 Gai
379 3261 408 3335 2,
424 3260 487 3318 280
520 3252 826 3319 ‘fideicommissorum
854 3278 961 3320 usurae
989 3262 1021 3319 et
1047 3262 1169 3321 fruetus

157 3345 318 3422 debentur,
355 3346 380 3406 ai
411 3347 498 3406 modo
530 3365 644 3406 moram
676 3348 833 3407 solutionis
864 3348 970 3407 fecerit
1001 3350 1053 3425 qni
1086 3349 1167 3409 fidei-

158 3433 348 3541 commis'aum
390 3433 522 3510 debebit;
562 3435 730 3512 legatorum
766 3454 836 3495 vero
873 3455 983 3495 usurae
1019 3456 1079 3497 non
1116 3439 1168 3498 de-

149 3516 274 3580 bantur.
