2512 3888
397 211 421 260 2.
447 205 631 261 Maenalos
651 205 802 262 SABINUS
1038 205 1102 270 437

97 371 220 449 Ulpiani
242 372 281 431 ad
300 371 443 431 Sabinum
466 372 542 432 libri.
574 373 755 449 Pomponius
777 373 854 432 enim
872 373 949 433 dixit
968 374 1003 434 de
1022 375 1103 452 lega·

96 462 136 521 tis
159 460 246 520 libris
264 459 409 533 v-vH,
438 460 475 520 de
497 462 647 536 emptione
669 461 838 522 venditione
860 462 944 522 libris
963 463 1101 541 IX-XI,

97 550 132 610 de
142 549 232 608 furtis
242 550 328 610 libris
337 548 567 627 XVIH-XIX3
580 550 692 609 Paulus
703 550 739 608 de
749 550 858 626 legatis
866 551 951 610 libris
960 551 1103 626 III—IV,

96 639 132 698 de
156 638 306 714 emptione
329 637 500 699 venditione
523 638 608 698 libris
631 638 756 713 v-VL
781 638 816 697 de
839 639 929 698 furtis
952 640 1027 700 libro
1046 640 1103 718 IX;

95 725 244 803 Ulpianus
264 727 390 804 denique
409 724 445 786 de
464 727 573 802 legatis
591 727 676 787 libris
691 726 882 799 XV-XXV,
902 727 937 786 de
957 730 1104 804 emptione

95 816 266 877 venditione
296 815 566 894 XXVIII-XXX,
604 817 639 876 de
676 816 766 875 furtis
802 815 887 874 libris
915 815 1103 876 XL-XLII.

96 922 173 981 quae
187 923 254 964 oum
267 904 312 964 ita
326 905 395 978 sint,
409 904 501 964 iubis
515 905 605 964 rebus
619 905 783 965 tractandis
798 903 926 963 Sabinus
935 903 1105 966 Mucianum

97 993 232 1054 ordinem
254 1013 314 1053 non
336 993 457 1053 videtur
479 994 645 1071 reliquisse.

184 1082 220 1142 In
242 1082 416 1143 universum
442 1084 570 1143 secundo
588 1083 666 1144 libro
684 1082 850 1142 Maeonium
868 1084 988 1158 praeter
1005 1080 1107 1159 legata

93 1173 142 1231 ius
161 1170 200 1230 ad
217 1189 360 1247 personas
379 1171 510 1231 attinens
524 1176 555 1232 et
569 1172 769 1248 obligationes
783 1171 946 1247 explicasse
960 1169 1105 1230 existimo.

94 1260 196 1334 Lenel,
222 1260 275 1337 qui
301 1259 381 1319 idem
404 1260 524 1338 statuit,
547 1279 583 1320 ea
605 1261 718 1338 capita,
741 1279 818 1338 quae
841 1261 877 1319 de
900 1260 965 1318 iure
990 1257 1106 1318 dotium

94 1350 127 1408 et
164 1347 200 1406 de
235 1348 341 1406 tutelis
376 1347 525 1426 inscribit,
564 1349 798 1428 obligationibus
832 1348 982 1408 destinata
1012 1347 1106 1407 fuisse

94 1436 222 1513 iudicat,
260 1436 339 1512 quod
371 1437 493 1512 probari
529 1438 641 1514 nequit.
694 1438 785 1496 immo
817 1438 906 1496 huius
938 1437 1010 1496 libri
1042 1454 1107 1495 eam

95 1526 226 1600 partem,
253 1543 313 1600 qua
340 1524 376 1584 de
403 1543 599 1600 personarum
625 1527 689 1584 iure
715 1525 916 1602 tractabatur,
943 1526 1107 1601 pleniorem

95 1615 188 1689 atque
219 1613 388 1672 uberiorem
420 1613 512 1671 fuisse
544 1613 655 1692 iudico,
686 1614 798 1691 illaque
826 1615 884 1674 duo
913 1614 1012 1688 capita
1040 1633 1107 1673 cum

95 1701 267 1778 praemissis
291 1701 388 1760 eidem
411 1700 491 1776 parti
515 1701 648 1761 adtribui
671 1705 701 1761 et
724 1720 810 1778 posse
834 1705 865 1761 et
888 1703 997 1762 deberi.

186 1789 267 1860 Quae
289 1790 437 1868 refragari
456 1789 604 1866 videntur,
627 1791 740 1850 scilicet
759 1809 834 1867 quae
852 1791 899 1851 vir
917 1790 1107 1850 doctissimus

95 1879 233 1939 inscribit
265 1879 301 1938 de
329 1872 576 1959 ³(mancipatione
604 1871 650 1961 et)
679 1879 828 1954 emptione
860 1874 1042 1940 venditione'
1076 1881 1108 1939 et

97 1969 134 2028 de
158 1961 312 2028 ‘societate
336 1970 367 2027 et
389 1962 616 2045 communione',
639 1969 706 2043 ipsa
727 1986 844 2046 quoque
864 1987 931 2027 cum
949 1968 1003 2028 illa
1020 1971 1106 2045 parte

96 2056 277 2116 affinitatem
299 2058 450 2134 quandam
471 2056 591 2117 babent.
627 2077 698 2118 nam
716 2059 845 2117 alterum
863 2058 965 2134 potius
983 2058 1021 2118 de
1038 2076 1107 2118 oon·

97 2145 190 2205 sortio
219 2149 249 2204 et
277 2145 312 2204 de
343 2146 486 2205 societate
513 2145 634 2206 videtur
659 2147 764 2224 fuisse,
795 2147 978 2206 consortium
1005 2149 1108 2208 autem

97 2251 219 2293 suorum
241 2234 385 2294 heredum
408 2235 530 2313 sequela
553 2238 599 2294 est
622 2236 738 2311 patriae
755 2236 916 2312 potestatis
934 2236 983 2298 vel
1002 2254 1107 2296 manus

95 2323 193 2380 morte
219 2323 445 2398 patrisfamilias
471 2323 533 2382 iam
556 2325 717 2401 extinctae,
744 2325 846 2384 itaut
869 2325 917 2385 sui
939 2318 1108 2384 ‘domestici

95 2404 232 2470 heredes’
257 2412 317 2471 sint
339 2411 594 2488 hereditatemque
617 2399 803 2472 communem
821 2414 1002 2488 possideant.
1038 2414 1107 2472 huic
1171 2488 1174 2496 1

95 2516 167 2560 vero
195 2499 342 2560 consortio
371 2500 509 2568 societas,
538 2519 614 2575 quae
643 2494 703 2559 ‘ius
727 2500 943 2577 quodammodo
966 2501 1105 2560 fraterni·

94 2587 169 2647 tatis
205 2587 238 2645 in
273 2606 304 2647 se
340 2581 460 2647 babeat’
499 2579 550 2668 (D.
575 2591 625 2664 17,
645 2589 673 2661 2,
694 2588 734 2646 63
745 2581 820 2666 pr),
861 2589 971 2663 optime
1007 2589 1108 2665 potuit

96 2675 230 2752 adiungi.
268 2676 397 2735 alterum
418 2675 503 2747 illud,
528 2694 586 2753 quo
611 2676 647 2734 de
669 2675 889 2750 mancipatione
908 2679 940 2735 et
958 2677 1108 2751 emptione

97 2764 271 2827 venditione
294 2764 450 2843 agebatur,
478 2766 570 2840 caput
592 2783 651 2824 non
673 2768 737 2823 tam
760 2764 795 2822 de
818 2782 932 2839 rerum,
959 2783 1049 2840 quam
1072 2765 1108 2824 de

95 2853 259 2914 liberarum
291 2856 322 2914 et
355 2853 508 2913 servilium
539 2871 735 2929 personarum
766 2852 986 2928 mancipatione
1014 2852 1107 2912 luisse

94 2944 161 3003 iure
188 2943 260 3003 lieet
289 2945 436 3019 statuere,
463 2942 508 3002 ita
536 2946 571 3002 ut
593 2942 629 3002 de
653 2941 852 3021 coemptione,
881 2942 916 3001 de
939 2941 1107 3017 adoptione,

96 3031 133 3091 de
153 3031 295 3108 mancipii
313 3049 412 3108 cansa,
427 3031 553 3108 denique
570 3031 606 3090 de
619 3031 872 3106 remancipatione
888 3030 968 3090 etde
984 3029 1109 3089 emanci-

95 3120 450 3197 pationedictumiuerit.
471 3138 665 3195 personarum
676 3124 777 3180 autem
788 3118 998 3195 mancipationi
1008 3137 1109 3178 rerum

96 3227 213 3286 quoque
227 3209 408 3286 mancipatio
423 3208 643 3286 adiungebatur
656 3211 687 3268 et
702 3202 907 3286 ‘imaginariae
920 3201 1107 3282 venditioni’,

95 3297 128 3358 id
151 3301 198 3356 est
219 3297 440 3376 mancipationi,
463 3315 536 3355 vera
558 3297 669 3372 emptio
693 3297 834 3357 venditio.

185 3385 267 3446 Haec
306 3386 358 3463 qui
389 3386 574 3462 probaverit,
612 3384 756 3444 Sabinum
784 3387 884 3462 primo
916 3386 1005 3446 huius
1037 3385 1108 3445 libri

96 3475 195 3550 capite
218 3474 399 3552 delegatis,
427 3474 556 3534 seeundo
580 3473 617 3534 de
639 3473 687 3533 his
710 3474 761 3552 qui
784 3474 831 3534 sui
853 3476 903 3536 vel
921 3476 1011 3536 alieni
1032 3474 1107 3535 iuris

99 3565 183 3635 suut,
212 3561 302 3621 tertio
331 3563 367 3622 de
390 3563 521 3641 delictis,
552 3565 660 3640 quarto
684 3562 720 3623 de
744 3562 978 3644 obligationibus
1000 3565 1108 3625 dixisse
