2508 3896
150 140 214 205 516
260 141 294 196 ll.
318 139 385 194 TIB.
405 137 479 192 GAlI
503 137 629 194 CLAUD.
653 137 1026 194 unbauranamma
1049 139 1151 196 CONS.

143 303 183 367 ad
207 301 362 366 Sabinum
385 299 434 387 (P.
449 298 561 388 2858).
581 339 623 348 -
643 352 672 366 ..
692 302 720 367 si
743 300 874 368 maioris
897 301 1049 386 ponderis
1073 303 1149 386 quid

143 389 270 475 aperuit
301 393 358 454 aut
389 390 537 476 refregit,
573 389 657 476 quod
689 390 804 456 tollere
836 413 902 456 non
932 392 1050 475 possit,
1084 413 1151 456 non

142 483 192 544 ast
224 481 367 543 omnium
400 501 506 544 rerum
539 501 612 545 cum
644 499 682 543 eo
714 479 794 544 furti
827 479 923 560 actio,
956 480 1011 544 sed
1041 501 1152 546 earum

143 571 270 632 tantum
302 589 381 652 quas
412 569 487 632 tulit
520 570 610 652 [quia
641 571 748 633 totum
780 568 893 633 tollere
924 590 991 633 non
1022 569 1152 654 potuit}

96 687 103 711 κ
142 656 275 740 proinde
299 657 327 720 si
350 657 560 738 involucrum,
584 657 668 740 quod
687 657 803 722 tollere
821 679 887 730 non
905 658 1022 740 potuit,
1045 657 1153 742 solvit,

142 749 179 809 ut
193 748 380 830 contrectet,
400 746 512 811 deinde
527 747 742 811 contrectavit
756 746 909 830 quasdam
924 768 985 831 res,
1004 747 1151 830 quamvis

143 833 288 918 singulas
316 857 382 919 res,
410 856 491 920 quae
513 835 548 898 in
570 856 607 898 eo
631 833 774 918 fuerunt,
800 834 914 899 tollere
937 835 1096 920 potuerit,
1124 837 1152 901 si

142 927 251 986 tamen
286 926 390 988 totum
423 923 622 988 involuerum
655 923 768 988 tollere
799 944 866 988 non
896 924 1051 1007 potuerit,
1088 925 1152 988 sin·

143 1011 291 1096 gularum
317 1034 437 1095 rerum,
465 1033 544 1096 quas
566 1011 693 1097 tulerit,
719 1011 772 1077 fur
796 1014 857 1096 est,
885 1015 1062 1078 ceterarum
1086 1035 1153 1078 non

142 1103 201 1164 est.
247 1099 331 1183 quod
360 1101 387 1164 si
414 1104 520 1166 totum
548 1121 606 1164 vas
633 1101 748 1165 tollere
770 1101 889 1183 potuit,
918 1101 1054 1166 dicimus
1078 1123 1152 1167 eum

143 1190 244 1254 totius
269 1211 338 1254 esse
360 1189 474 1273 furem,
496 1189 573 1254 licet
595 1189 737 1273 solverit,
759 1194 796 1254 ut
819 1189 965 1275 singulas
987 1190 1040 1254 vel
1058 1213 1151 1275 quas-

143 1277 217 1342 dam
241 1277 384 1364 tolleret3
407 1282 439 1341 et
462 1279 509 1342 ita
532 1281 565 1341 et
589 1274 727 1342 Sabinus
751 1278 805 1342 ait.

234 1367 320 1431 1232
340 1365 378 1432 D.
389 1367 441 1442 47,
450 1367 481 1450 2,
490 1366 542 1448 48,
553 1365 582 1430 5.
609 1364 768 1450 Ulpianus
783 1366 866 1430 libro
882 1367 1150 1452 quadragensimo

143 1454 281 1520 secundo
310 1454 350 1520 ad
379 1453 533 1520 Sabinum
560 1455 609 1541 (P.
624 1451 748 1541 2885“).
775 1491 812 1502 -
839 1455 967 1520 Ancilla
994 1457 1022 1520 si
1050 1458 1153 1522 subri-

143 1545 253 1628 piatur
267 1565 425 1628 praegnas
440 1544 491 1607 vel
506 1543 590 1625 apud
606 1544 710 1608 furem
720 1544 875 1628 concepit,
889 1548 1001 1628 partus
1011 1544 1151 1611 furtivus

143 1636 200 1714 est,
217 1632 284 1696 sive
300 1633 384 1716 apud
398 1633 501 1697 furem
516 1632 628 1697 edatur
642 1633 708 1696 sive
726 1633 810 1716 apud
825 1632 927 1698 bonae
939 1632 1015 1697 fidei
1024 1655 1153 1718 posses-

144 1741 259 1786 sorem.

232 1803 404 1916 Sequuntur
431 1843 515 1900 haec:
548 1836 612 1901 ‘sed
644 1843 675 1900 in
701 1842 758 1900 hoo
784 1841 950 1917 posteriore
978 1861 1050 1902 casu
1078 1845 1154 1904 furti

144 1929 221 1988 actio
250 1934 353 1989 cessat.
401 1931 451 1989 sod
480 1925 516 1990 si'
545 1933 576 1990 et
598 1950 624 2007 q.
646 1949 668 1990 s.
712 1930 814 2006 priora
841 1931 933 1990 verba
961 1930 1064 1990 Sabini
1088 1951 1153 1993 esse

145 2017 238 2076 Lenel
256 2018 288 2075 P.
312 2022 419 2078 censet.
443 2019 479 2078 of.
498 2018 620 2078 Pernice
638 2012 684 2076 11²
701 2018 733 2076 P.
749 2019 813 2079 360
831 2039 860 2077 n.
875 2021 903 2078 2.

234 2125 320 2190 1242
350 2125 389 2190 D.
404 2127 480 2192 ibid.
495 2130 514 2206 ὅ
530 2127 559 2192 5.
583 2163 625 2174 -
649 2127 739 2192 Idem
767 2133 799 2193 et
825 2129 858 2192 in
885 2129 1062 2214 pecudibus
1088 2153 1155 2197 ser-

146 2213 286 2278 vandum
310 2218 360 2278 est
382 2220 414 2278 et
436 2216 471 2279 in
494 2215 561 2280 fetu
584 2238 708 2303 eorum,
732 2216 817 2303 quod
840 2217 874 2281 in
895 2221 1000 2302 partu.

232 2333 314 2394 Haec
328 2355 444 2413 quoque
458 2335 561 2396 Sabini
576 2355 640 2396 esse
649 2337 742 2397 Lenel
751 2336 784 2397 P.
799 2340 907 2398 censet.
931 2337 1157 2401 ctPerniceLc.

463 2497 507 2552 Dc
524 2497 662 2564 furtorum
679 2499 828 2567 peceribus.

233 2598 304 2663 125.
329 2597 445 2679 Gaiss,
461 2599 533 2664 183.
554 2636 591 2644 —
612 2597 786 2663 Furtorum
808 2648 836 2663 ..
856 2618 975 2682 genera
995 2597 1062 2663 Ser.
1082 2598 1155 2666 Sul·

142 2687 245 2770 picius
273 2691 306 2752 et
328 2686 489 2752 Masurius
514 2686 651 2752 Sabinus
679 2685 745 2750 IIII
768 2708 838 2752 asse
861 2687 1023 2771 dixerunt,
1050 2690 1156 2754 meni·

142 2775 262 2840 festum
286 2779 319 2841 et
340 2797 399 2840 nec
422 2775 637 2859 manifestum,
661 2779 851 2860 conceptum
875 2779 907 2840 et
930 2775 1086 2841 oblatum.

232 2895 287 2955 His
314 2895 414 2956 verbis
443 2898 567 2971 apparet
594 2894 736 2954 Sabinum
765 2901 868 2955 contra
890 2895 1073 2974 Labeonem,
1100 2901 1157 2974 qui

144 2983 202 3043 duo
217 2986 337 3042 tantum
350 3002 462 3060 genera
475 2983 671 3043 constituerat
686 2976 792 3064 (supra
803 3005 829 3061 p.
840 2978 926 3065 256),
941 2984 1156 3060 disputavisse.

529 3155 560 3195 De
573 3156 683 3208 manlj‘esto
692 3157 763 3208 sarto.
870 3183 872 3190 .

231 3226 342 3290 ‘Poena
370 3231 522 3290 manifesti
547 3233 622 3291 furti
649 3233 773 3308 exlege
796 3233 854 3292 ΧΠ
877 3232 1049 3292 tabularum
1072 3236 1156 3310 capi-

142 3319 214 3377 talis
251 3323 323 3378 erat.
378 3339 447 3378 nam
483 3319 560 3378 liber
595 3323 770 3382 verberatus
806 3321 1000 3381 addicebatnr
1037 3323 1064 3381 ei
1101 3325 1157 3384 cui

144 3405 260 3464 furtum
291 3407 410 3466 fecerat.
443 3409 546 3464 utrum
576 3411 677 3468 autem
704 3428 807 3470 servus
836 3410 1007 3470 afficeretur
1035 3431 1072 3471 ex
1098 3413 1156 3472 ad-

144 3489 270 3552 dictione
298 3514 337 3553 an
364 3494 525 3554 adiudicati
551 3496 616 3556 loco
644 3497 887 3578 constitueretur,
914 3502 1032 3560 veteres
1058 3519 1156 3577 qnae-
