2506 3880
386 114 410 162 7.
434 106 473 160 Μ.
492 105 684 162 ANTISTIUS
702 105 820 160 LABEO
1044 104 1106 170 141

88 272 250 337 tenebitur
282 271 361 356 lege
388 269 496 334 vioino
525 269 635 352 etiam,
661 289 726 333 non
750 269 856 332 minus
878 268 1042 352 inquilinis
1066 270 1108 336 ob

86 381 297 514 2⁶1?ssng
304 361 452 442 exustas,
474 359 508 420 et
530 357 577 420 ite
597 356 707 422 Labeo
730 356 814 422 libro
836 355 899 422 XV
921 355 1108 442 Responsu-

169 570 211 630 ef.
237 569 279 627 D.
295 570 326 645 9,
342 570 371 643 2,
388 568 438 640 27,
454 569 474 626 8
500 583 590 642 supra
612 587 640 642 p.
660 568 712 626 61.

360 771 444 830 VIII.
472 770 726 845 Epistularum
748 771 845 831 libri.

170 895 333 955 Labeonis
359 895 569 970 Epistularum
600 894 670 953 libri
703 894 866 954 laudantur
897 913 915 952 a
943 894 1106 971 Pomponio

86 984 158 1045 libro
192 984 287 1042 XXX
323 984 362 1043 ad
400 983 545 1042 Sabinum
579 983 615 1042 D.
635 985 686 1059 41,
706 985 735 1061 3,
755 985 841 1061 30,1
877 977 988 1043 ‘Labeo
1021 980 1106 1044 libris

86 1073 303 1150 Epistularum
327 1065 391 1132 ait’.
434 1072 555 1148 „Dieses
579 1071 662 1131 Oitat
683 1072 724 1132 ist
746 1089 779 1132 so
802 1072 1021 1148 unzweideutig
1044 1072 1106 1131 und

85 1163 134 1222 hat
166 1161 340 1222 ausserliob
373 1179 406 1220 so
438 1179 494 1236 gar
525 1160 623 1220 niehts
655 1159 1000 1237 Unwahrsoheinliohee‚
1037 1160 1105 1220 dass

86 1250 129 1310 die
147 1250 283 1310 Zweifel
305 1268 344 1308 an
368 1249 421 1308 der
438 1248 579 1308 Existenz
602 1251 684 1309 eines
706 1249 873 1309 besondern
895 1249 1105 1309 labeonisehen

86 1339 215 1400 Werkes
244 1341 337 1398 unter
364 1337 477 1397 diesem
500 1337 580 1397 Titel
606 1338 691 1398 nieht
717 1338 888 1414 bereebtigt
915 1332 1105 1398 ersoheinen“

85 1427 212 1488 Perniee
231 1428 249 1486 Ι
266 1430 317 1487 60.
364 1425 504 1486 Guiaoius
532 1427 611 1486 enim
642 1445 769 1503 eumque
797 1430 918 1487 secutus
941 1427 1106 1486 Mommsen

85 1516 248 1599 Pomponii
282 1515 383 1576 verbis
414 1515 536 1575 traditis
569 1515 637 1574 ideo
664 1515 752 1574 fidem
780 1535 841 1575 non
867 1515 993 1591 habent,
1026 1515 1105 1592 quod

86 1606 137 1666 boo
155 1625 223 1665 uno
243 1606 311 1663 loeo
325 1604 474 1663 Labeonis
494 1605 642 1681 epistulas
659 1605 858 1664 nemiuentur.
895 1604 948 1664 sed
965 1623 1019 1662 eur
1037 1623 1106 1664 oum

86 1694 211 1754 Ouiaeio
230 1711 289 1769 pro
304 1687 429 1752 ‘Labeo’
446 1693 548 1768 potius
565 1685 750 1753 ‘Iavolenus'
768 1693 816 1753 vel
835 1711 901 1752 oum
921 1693 1104 1754 Mommseno

84 1803 133 1859 pro
167 1775 403 1860 ‘epistularum'
435 1781 537 1858 potius
570 1775 793 1858 ‘posteriorum’
827 1782 992 1841 scribamus
1019 1781 1104 1840 nulla

84 1891 173 1932 eausa
204 1873 264 1931 est.
315 1871 352 1930 ef.
374 1869 517 1948 Krueger
543 1891 572 1947 p.
593 1872 670 1947 143,
702 1869 795 1930 Lenel
827 1871 906 1947 apud
933 1870 1104 1929 Labeonem

84 1963 143 2022 192
157 1981 191 2022 n.
211 1963 251 2035 1.,
277 1958 418 2018 Karlowa
435 1959 451 2017 I
470 1961 543 2036 669,
566 1959 653 2018 Joers
666 1959 687 2017 1.
701 1977 725 2019 o.
739 1980 768 2035 p.
785 1962 879 2020 2662.
924 1979 984 2020 non
1006 1959 1102 2036 magis

82 2051 166 2110 nobie
204 2067 314 2108 eorum
345 2047 495 2107 sententia
526 2047 685 2124 probatur,
718 2049 771 2126 qui
803 2049 951 2108 Labeonis
981 2049 1103 2126 Epistu-

82 2139 180 2198 larum
207 2137 305 2196 libros
330 2135 447 2196 eosdem
470 2155 535 2196 esse
562 2137 670 2197 volunt
698 2140 788 2215 atque
813 2138 945 2198 eiusdem
969 2138 1102 2215 Respon-

83 2246 184 2288 sorum
209 2227 318 2284 libros.
365 2224 402 2286 ef.
425 2243 517 2301 supra
538 2246 568 2301 p.
585 2226 657 2286 145.

169 2315 299 2374 Primus
325 2313 421 2391 igitur
444 2313 545 2373 Labeo
572 2313 652 2373 inter
673 2314 750 2373 iuris
775 2317 926 2377 consultos
949 2318 1102 2394 Epistula·

85 2425 148 2464 rum
169 2421 297 2482 quoque
311 2402 403 2461 libros
417 2402 518 2461 edidit.
551 2403 645 2462 s‘eouti
659 2406 729 2463 sunt
745 2403 890 2463 Proculus
904 2397 951 2484 (P.
969 2400 1101 2484 1-31),

85 2493 251 2555 Iavolenus
266 2484 314 2570 (P.
330 2486 505 2569 70-141),
523 2491 665 2550 Neratius
680 2484 726 2570 (P.
743 2494 770 2548 1.
786 2484 829 2570 2),
850 2491 953 2552 Celsus
968 2487 1016 2574 (P.
1034 2485 1100 2575 13),

85 2583 251 2642 Mrieanus
280 2570 329 2660 (P.
345 2573 393 2660 1),
422 2579 603 2656 Pomponius
631 2572 679 2658 (P.
695 2573 892 2658 189-201).
938 2574 1024 2639 Ateii
1047 2581 1101 2640 Oa-

84 2673 197 2746 pitonis
228 2667 379 2743 epistulae
401 2659 631 2749 (0011.13,12)
657 2686 718 2726 non
740 2666 778 2725 ed
801 2666 849 2726 ius
872 2665 1013 2726 videntur
1035 2688 1101 2743 per·

83 2760 189 2820 linere.
227 2757 266 2815 de
286 2757 482 2833 epistularum
496 2758 577 2833 apud
591 2757 666 2817 alios
681 2755 841 2832 scriptores
855 2773 912 2815 usu
925 2775 952 2815 v.
968 2755 1098 2814 Teuffel-

85 2847 232 2910 Sohwabe
258 2841 348 2920 §4e

170 2935 236 3006 Qui
255 2937 324 3009 poet
343 2934 511 2994 Labeonem
529 2935 738 3010 Epistularum
755 2935 848 2996 libros
868 2935 1100 3010 composuerunt

82 3026 167 3086 illum
192 3041 410 3099 nonnunquam
428 3024 561 3083 laudant.
599 3043 726 3102 quorum
744 3025 924 3102 fragmenta,
946 3041 1021 3100 quae
1039 3021 1098 3080 hue

82 3115 248 3191 pertinent,
268 3115 339 3170 eunt
352 3125 393 3170 'er
408 3111 531 3192 Proeuli¹
547 3113 624 3172 libro
638 3112 667 3170 V
682 3107 856 3190 (Labeonis
876 3112 1097 3172 distinotIonem

84 3204 168 3263 valde
200 3200 300 3279 probo
329 3201 380 3275 qui
408 3194 539 3278 scripsit'
567 3201 603 3260 D.
618 3204 669 3276 32,
685 3203 726 3260 86
756 3195 874 3280 Ρ.16),
903 3219 940 3259 ex
965 3199 1099 3260 Iauoleni

84 3291 155 3352 libro
176 3289 242 3350 VII
266 3280 392 3369 (Labeo
417 3290 590 3367 frequenter
617 3281 732 3348 seribit'
755 3288 791 3347 D.
807 3291 857 3364 28,
874 3290 902 3363 6,
920 3290 959 3348 66
985 3289 1016 3348 P.
1034 3291 1096 3348 102
1127 3321 1128 3326 κ

86 3373 195 3442 ‘Labeo
216 3427 223 3440 .
242 3424 248 3437 .
265 3423 287 3454 .,
312 3376 460 3438 Proculus
487 3373 602 3438 oontra’
625 3378 660 3436 D.
678 3379 795 3453 60,16,
813 3379 874 3437 116
900 3377 929 3437 Ρ.
948 3371 1034 3460 106),
1064 3399 1099 3438 ex

89 3467 245 3547 Pomponii
263 3464 342 3524 libro
357 3465 384 3523 X
399 3461 503 3544 (idem
517 3465 618 3524 Labeo
632 3459 687 3525 ait'
706 3467 740 3524 D.
752 3468 804 3542 60,
820 3469 869 3540 16,
885 3467 947 3526 246
967 3467 998 3526 Ρ.
1012 3463 1099 3544 198),

833 3562 885 3616 10*
