2568 3890
126 155 193 221 278
230 157 251 213 L
276 154 432 211 sursus
450 151 608 212 AUGUSTI
625 153 672 210 ΕΤ
688 153 825 210 ΤΙΒΕΒΙΙ
842 153 940 210 mals
958 153 1138 210 consumi

125 319 221 402 bona,
240 321 368 384 ostenta
384 317 541 403 quaedam
555 318 664 384 tristia
678 318 845 404 appellari.
876 321 1035 403 portenta,
1053 339 1137 404 quae

124 407 200 492 quid
213 427 311 492 porro
325 408 484 489 tendatur,
498 407 649 491 indicent,
662 409 800 492 ostenta,
814 429 899 492 quae
913 407 1137 473 tantummodo

125 496 307 581 ostendant
325 501 481 581 monstra,
495 496 620 581 (quac)
634 497 835 581 praecipient
849 517 979 582 quoque
987 496 1136 562 remedia

512 679 556 735 De
572 680 746 748 fulminibus.

214 780 266 847 21.
298 781 389 847 Paul.
412 804 443 867 p.
468 781 522 847 92.
558 817 601 827 -
637 779 774 845 Fulmen
815 779 936 846 dictum
978 801 997 844 a
1036 779 1137 846 fluore

124 868 282 936 flammae.

213 958 265 1023 22.
292 957 375 1025 Ibid.
396 993 435 1004 —
460 956 616 1024 Fauatica
643 957 760 1022 dicitur
785 957 885 1022 arbor
905 955 1039 1022 fulmine
1061 957 1137 1023 icta.

214 1047 266 1112 23.
299 1046 380 1112 Ibid.
412 1082 451 1095 -
485 1045 709 1132 Fulguritum,
738 1046 771 1110 id
803 1045 888 1132 quod
921 1051 972 1112 est
1002 1044 1137 1111 fulmine

125 1136 235 1220 ictum,
254 1137 310 1220 qui
328 1136 418 1202 locus
440 1136 553 1201 statim
570 1137 640 1200 fieri
657 1135 835 1218 putabatur
852 1134 1034 1220 religiosus,
1051 1135 1137 1220 quod

125 1246 199 1289 eum
222 1224 300 1290 deus
324 1224 387 1289 sibi
410 1225 533 1289 dicasse
557 1224 726 1289 videretur.

212 1314 266 1378 24.
302 1312 387 1378 Fest.
414 1336 446 1398 p.
470 1312 558 1379 245⁸.
599 1350 642 1360 -—
684 1312 794 1378 Pullus
837 1310 925 1378 Iovis
970 1311 1137 1378 dicebatur

124 1399 162 1477 Q.
183 1399 318 1486 Fabius,
350 1401 402 1467 cui
429 1401 563 1467 Eburno
596 1422 775 1488 cognomen
806 1405 877 1466 erat
902 1406 1035 1486 propter
1063 1421 1139 1465 can·

124 1490 248 1575 dorem,
280 1490 366 1576 quod
397 1490 466 1556 eius
498 1489 583 1556 natis
616 1491 751 1555 fulmine
782 1491 848 1556 icta
880 1493 959 1555 erat.
1009 1490 1137 1574 antiqui

124 1583 231 1645 autem
257 1597 408 1665 puerum,
440 1601 535 1666 quem
563 1579 634 1664 quis
663 1579 824 1664 amabat.
838 1578 965 1664 pullum
992 1579 1061 1644 eins
1090 1577 1137 1643 di-

125 1668 251 1734 cebant.
355 1668 358 1673 ’

213 1757 265 1823 25.
292 1757 373 1823 Ibid.
398 1795 436 1806 -
462 1757 630 1842 Pestifera‚
659 1777 742 1842 quae
764 1759 901 1822 mortem
926 1760 982 1820 aut
1005 1755 1136 1822 exilium

124 1846 305 1912 ostendunt

516 1941 561 1996 no
577 1941 744 2012 fauentes.

213 2041 264 2106 26.
287 2039 376 2106 Paul.
394 2063 426 2124 p.
445 2041 496 2106 92.
521 2076 557 2087 -
578 2039 711 2106 Fulcere
734 2041 834 2126 prisci
857 2062 914 2124 pro
937 2039 1033 2105 ferire
1054 2040 1136 2106 dice·

124 2129 216 2212 baut,
239 2129 322 2193 unde
345 2129 453 2214 fulgus
478 2128 598 2194 dictum
621 2134 679 2194 est.

212 2217 265 2282 27.
289 2216 373 2282 Feat.
391 2239 421 2300 p.
440 2215 529 2282 289⁸.
550 2253 589 2265 -
609 2217 845 2283 Renovativum
863 2216 973 2303 fislgnr
990 2220 1135 2301 vocetur,

123 2326 196 2371 cum
223 2327 262 2370 ex
289 2306 399 2390 aliquo
421 2305 548 2390 fulgure
572 2307 695 2372 iunctio
718 2306 790 2370 fieri
813 2307 933 2391 coepit,
961 2307 989 2370 si
1012 2307 1135 2372 factum

123 2399 174 2458 est
196 2394 301 2459 simile
324 2395 448 2480 fulgur,
470 2395 555 2480 quod
578 2395 664 2461 idom
688 2394 856 2480 significat

210 2485 263 2550 28.
280 2482 364 2549 Fest
378 2506 408 2569 p.
424 2484 513 2550 245⁸.
527 2517 571 2531 —
585 2483 769 2550 Postularia
787 2482 926 2568 fulgura,
944 2505 1028 2568 quea
1044 2487 1136 2549 voto·

122 2594 194 2636 rum
222 2577 279 2637 aut
305 2573 536 2638 sacrificiorum
564 2576 706 2659 spretam
730 2573 920 2659 religionem
944 2572 1136 2638 desiderant.

211 2662 264 2726 29.
291 2661 372 2728 Ibid.
391 2697 438 2710 -
459 2661 687 2748 Peremptclia,
710 2683 791 2748 quae
815 2661 981 2746 superiora
1003 2661 1136 2746 fulgura

124 2755 181 2816 aut
202 2753 354 2834 portenta
376 2755 560 2835 peremunt,
581 2751 616 2815 id
638 2755 688 2816 est
709 2751 839 2816 tollunt.

211 2840 263 2905 30.
290 2838 381 2904 Paul.
399 2861 429 2923 p.
449 2839 500 2904 64.
525 2875 567 2886 -
592 2838 787 2924 prarirsae
816 2839 1022 2924 appellantur
1049 2839 1135 2905 acies

122 2928 280 3012 quaedam
304 2929 427 3013 igneae,
449 2948 531 3011 quae
544 2935 642 2993 noctu
664 2949 818 3013 apparere
838 2929 945 2993 solent
962 2927 1002 2993 ad
1021 2927 1135 2992 rimili-

121 3017 267 3082 tudinem
290 3015 443 3100 cupressi.

209 3136 346 3214 Denique
385 3136 559 3197 dubitanter
591 3135 729 3213 Capitoni
761 3136 902 3196 attribuit
932 3135 1135 3197 Reitzenstein

121 3245 151 3302 p.
170 3227 211 3285 53
235 3226 290 3285 has
312 3227 428 3302 glossas
450 3225 530 3286 inter
551 3244 583 3286 se
606 3227 799 3302 excipientes:

211 3336 263 3400 31.
291 3335 380 3400 Paul.
399 3359 430 3420 p.
448 3336 500 3401 64.
526 3371 565 3384 -
591 3333 793 3422 Coninquere
816 3337 978 3421 deputare.

211 3424 263 3488 32.
291 3423 372 3491 Ibid.
397 3459 436 3472 -
462 3423 629 3491 Carnificis
658 3426 729 3491 loco
756 3425 939 3491 habebatur
964 3425 991 3489 is
1020 3425 1075 3509 qui
1099 3446 1134 3491 se

121 3511 335 3592 vulnerasset,
358 3517 394 3578 ut
418 3519 604 3580 moreretur.
