2508 3896
160 157 226 222 500
265 156 299 212 11.
327 155 393 211 ΤΙΒ.
413 153 488 210 GAlI
511 153 639 212 CLAUD.
663 155 797 213 NERON.
818 154 925 211 ΤΕΜΡ.
943 154 1039 210 IURIS
1063 153 1161 213 CONS.

159 325 300 384 maritum
331 326 474 384 remanet.
524 324 692 385 adventicia
723 329 824 384 autem
852 323 905 383 dos
932 341 1051 400 semper
1075 341 1163 401 penes

160 413 302 473 maritum
329 415 475 490 remanet,
503 414 713 490 praeterquam
741 414 767 474 si
793 413 820 472 is
848 412 900 490 qui
927 411 1021 486 dedit,
1048 415 1083 470 ut
1108 411 1165 471 sibi

159 501 345 579 redderetur,
371 501 531 576 stipulatus
554 501 648 561 fuerit
728 501 857 563 divortio
880 502 974 578 facto,
998 500 1023 559 si
1047 500 1163 579 quidem

160 591 208 650 sui
230 590 304 650 iuris
328 590 368 649 sit
391 591 510 664 mulier,
537 591 603 665 ipsa
624 591 716 650 habet
738 591 782 651 rei
804 589 926 650 uxoriae
949 588 1097 648 sotionem

162 678 240 756 qnod
264 678 289 738 si
311 679 343 738 in
365 682 515 757 potestate
538 679 633 754 patris
657 679 704 755 sit,
727 684 813 756 pater
836 678 979 738 adiuncta
1000 677 1080 737 filiae
1102 697 1165 753 per·

161 785 234 827 sona
255 767 348 828 habet
369 768 515 827 actionem
538 768 582 826 rei
603 769 740 845 uxoriae;
765 786 819 827 neo
842 767 976 844 interest,
999 766 1167 827 adventicia

160 857 201 916 sit
227 857 280 916 dos
308 875 347 915 an
373 856 553 932 prorecticia.
601 859 670 932 post
693 856 857 919 divortium
879 857 1020 915 defuncta
1042 855 1166 915 muliere

159 946 268 1005 herede
296 945 360 1005 eius
388 945 465 1004 actio
492 963 552 1004 non
578 945 667 1004 aliter
694 946 796 1020 datur,
825 963 914 1022 quam
942 944 968 1004 si
995 962 1111 1004 moram
1136 944 1167 1003 in

160 1036 229 1094 dote
256 1033 375 1093 mulieri
402 1032 552 1092 reddenda
582 1033 709 1094 maritus
739 1034 851 1094 fecerit.
902 1034 955 1093 dos
984 1033 1011 1092 si
1036 1033 1166 1109 pondere

159 1142 282 1200 numero
305 1141 445 1181 mensura
468 1122 669 1199 contineatur,
693 1141 793 1182 annua
815 1122 896 1182 bima
917 1123 1009 1181 trima
1032 1120 1080 1181 die
1103 1121 1167 1180 red·

160 1211 255 1290 ditur,
283 1211 341 1270 nisi
369 1211 394 1269 si
416 1214 452 1270 nt
473 1229 613 1287 praesens
636 1211 786 1285 reddatur,
810 1212 989 1272 convenerit.
1035 1210 1167 1287 reliquae

160 1301 244 1360 dotes
273 1300 377 1359 statim
403 1299 579 1359 redduntur.
628 1301 810 1360 retentiones
843 1319 878 1359 ex
911 1301 979 1359 dote
1009 1299 1088 1358 fiunt
1115 1302 1168 1359 aut

158 1391 282 1465 propter
308 1389 419 1448 liberos
447 1391 501 1447 aut
528 1392 651 1465 propter
677 1407 775 1449 mores
798 1391 852 1448 aut
874 1393 997 1466 propter
1018 1386 1168 1463 impensas

161 1481 215 1537 aut
236 1479 359 1553 propter
381 1496 429 1536 res
452 1476 577 1538 donatas
601 1479 655 1537 ant
677 1480 801 1554 propter
817 1495 865 1537 res
884 1480 1007 1537 amotas.
1043 1479 1169 1553 propter

160 1566 269 1626 liberos
293 1566 421 1625 retentio
444 1566 493 1642 fit,
516 1567 542 1626 si
565 1567 654 1643 culpa
675 1567 810 1626 mulieris
834 1569 886 1625 aut
907 1566 1005 1642 patris
1027 1565 1115 1625 cuius
1138 1563 1170 1623 in

161 1656 311 1731 potestate
331 1656 384 1729 est,
403 1654 565 1715 divortium
583 1655 698 1715 factum
717 1656 769 1715 sit:
793 1659 865 1715 tunc
883 1655 963 1714 enim
981 1653 1170 1731 singulorum

160 1743 322 1803 liberorum
348 1743 467 1804 nomine
495 1746 595 1803 sextae
621 1745 790 1804 retinentur
817 1762 853 1802 ex
876 1743 957 1819 dote,
985 1761 1045 1801 non
1067 1744 1170 1818 plures

160 1837 261 1892 tamen
284 1851 374 1909 quam
397 1835 458 1892 tres
571 1853 689 1892 morum
711 1833 830 1893 nomine
853 1831 1024 1910 graviorum
1049 1831 1172 1907 quidem

162 1924 247 1982 sexta
268 1921 425 1998 retinetur,
448 1921 594 1982 leviorum
618 1925 719 1981 autem
743 1924 858 1981 octava.
894 1920 1048 1999 graviores
1072 1937 1171 1980 mores

161 2013 232 2070 sunt
245 2009 394 2068 adulteria
407 2011 535 2082 tantum,
548 2011 676 2070 leviores
691 2028 793 2071 omnes
806 2011 922 2087 reliqui.
955 2009 1058 2078 mariti
1071 2026 1171 2068 mores

160 2097 327 2174 puniuntur
353 2098 385 2156 in
412 2115 447 2156 ea
474 2097 595 2172 quidem
621 2099 704 2174 dote,
737 2118 812 2174 quae
840 2118 858 2159 a
885 2098 932 2157 die
960 2096 1045 2157 reddi
1072 2096 1172 2176 debet,

161 2187 206 2245 ita
232 2186 267 2243 ut
292 2187 416 2261 propter
441 2186 568 2245 maiores
596 2205 693 2246 mores
719 2190 908 2263 praesentem
931 2186 1032 2246 dotem
1054 2184 1173 2264 reddat,

160 2273 282 2350 propter
304 2273 433 2332 minores
456 2291 561 2333 senum
583 2293 718 2334 mensum
745 2276 802 2336 die.
845 2276 878 2335 in
904 2294 940 2334 ea
966 2277 1069 2334 antem
1093 2292 1172 2350 quae

161 2379 301 2439 praesens
324 2361 408 2420 reddi
431 2362 516 2437 solet,
538 2366 657 2422 tantum
678 2382 714 2423 ex
732 2364 879 2424 fructibus
897 2364 1018 2423 iubetur
1035 2362 1173 2438 reddere,

162 2452 308 2528 quantum
328 2449 359 2508 in
376 2451 431 2509 illa
449 2451 518 2512 dote
538 2471 614 2529 quae
632 2452 761 2513 triennio
779 2453 914 2513 redditur
931 2452 1173 2528 repraesentatio

160 2539 241 2600 facit.
277 2539 468 2617 inpensarum
492 2541 602 2618 species
626 2545 697 2602 sunt
719 2545 793 2602 tres:
816 2544 870 2602 aut
887 2542 967 2601 euim
984 2541 1174 2600 necessariae

162 2629 301 2689 dicuntur
323 2632 377 2690 aut
398 2629 489 2690 utiles
507 2633 561 2690 aut
578 2632 782 2707 voluptuosae.
823 2629 1007 2691 necessariae
1025 2631 1098 2689 sunt
1115 2629 1174 2688 im-

161 2736 285 2797 pensae,
313 2718 421 2794 quibus
449 2739 509 2780 non
533 2720 621 2779 factis
644 2720 697 2780 dos
721 2719 850 2780 deterior
872 2720 976 2779 futura
998 2720 1057 2796 est,
1084 2718 1175 2778 velut

162 2807 188 2867 si
211 2808 278 2886 quis
300 2807 436 2868 ruinosas
459 2808 548 2867 aedes
570 2808 716 2868 refecerit
760 2808 851 2868 utiles
875 2812 953 2885 sunt,
976 2807 1085 2885 quibus
1107 2825 1175 2868 non

162 2895 251 2956 factis
265 2895 384 2973 quidem
394 2896 525 2955 deterior
534 2895 586 2955 dos
596 2915 655 2955 non
664 2896 764 2971 fuerit,
778 2897 866 2957 factis
876 2901 976 2956 antem
985 2896 1179 2956 fructuosior

164 2985 270 3046 effecta
293 2986 347 3062 est,
369 2984 465 3044 veluti
484 2985 509 3044 si
526 2984 628 3044 vineta
646 2987 677 3044 et
695 2985 807 3046 oliveta
823 2985 935 3048 fecerit.
971 2985 1178 3061 voluptuosae

163 3076 242 3152 sunt,
264 3071 373 3148 quibus
394 3091 490 3150 neque
509 3073 625 3133 omissis
645 3072 774 3134 deterior
792 3074 845 3135 dos
863 3074 948 3134 fieret
965 3092 1061 3150 noque
1080 3074 1179 3134 factis

163 3161 345 3222 fructuosior
363 3161 469 3221 effecta
488 3164 542 3240 est,
561 3162 640 3239 quod
659 3163 759 3222 evenit
776 3163 808 3222 in
823 3162 984 3224 viridiariis
999 3165 1030 3222 et
1042 3162 1180 3238 picturis

163 3250 370 3328 similibusque
392 3244 502 3310 rebus'
538 3249 606 3328 Ulp.
623 3254 652 3328 6,
666 3253 785 3312 4-17.

250 3338 286 3398 ln
321 3339 406 3398 libris
439 3339 477 3398 ed
508 3339 577 3399 Sab.
610 3341 729 3417 scriptis
759 3340 796 3400 de
827 3339 875 3400 his
905 3341 996 3400 rebus
1029 3340 1184 3404 dixerunt

163 3424 265 3502 Pomp.
283 3427 302 3486 l.
322 3425 379 3486 XV
403 3430 434 3487 et
455 3427 527 3486 XVI
549 3428 582 3487 P.
603 3431 790 3508 sor—637,
817 3429 903 3489 Paul.
917 3428 1009 3490 1.V11
1032 3429 1066 3492 P.
1084 3434 1183 3494 1760

164 3514 308 3594 -1779,
330 3515 400 3592 Ulp,
412 3516 433 3576 l.
446 3515 559 3576 XXXV
581 3521 611 3579 et
632 3517 759 3579 XXXVI
781 3518 813 3580 P.
828 3519 1056 3580 arcs—2823.
