2508 3896
406 157 432 207 2.
455 150 640 208 Masurius
660 151 812 209 SABINUS
1052 153 1119 218 535

97 321 130 382 si
163 320 230 398 quis
262 321 317 380 sub
346 339 381 380 ea
408 320 580 380 condicione
609 321 771 395 stipuletur
797 339 873 396 quae
902 321 1029 381 existere
1057 342 1118 382 non

103 412 214 488 potest,
236 411 332 469 veluti
355 409 381 469 si
403 409 498 488 digito
518 409 634 468 caelum
652 409 798 485 tetigerit,
821 409 936 469 inutilis
956 414 1004 470 est
1022 409 1118 487 stipu-

102 499 178 558 latio
265 501 422 573 praeterea
444 497 560 558 inutilis
584 501 631 557 est
655 498 819 576 stipulatio,
842 498 868 557 si
890 499 956 574 quis
975 500 1119 576 ignorans

102 607 168 648 rem
197 605 282 647 suam
310 606 387 665 esse,
421 587 486 648 dari
514 587 571 646 eibi
598 605 666 646 eam
693 587 869 664 stipuletur,
901 588 1010 664 quippe
1038 589 1118 665 quod

101 677 232 736 alicuius
260 679 318 750 eet,
346 676 378 735 id
406 676 434 735 ei
457 675 522 735 dari
544 694 604 735 non
626 678 735 751 potest.
782 675 910 752 denique
932 676 1049 736 inutilis
1073 683 1120 737 est

100 764 174 824 telis
202 765 371 842 stipulatio,
399 767 425 824 si
450 766 518 841 quis
541 765 585 824 ita
609 765 674 824 dari
697 764 871 840 stipuletur:
899 768 1119 840 postmortem

102 872 203 913 meum
213 854 278 912 dari
288 849 655 932 spondes?velita:<post
664 857 791 914 mortem
802 857 885 912 tuam
896 854 960 912 dari
971 855 1119 928 spondes?

104 943 190 1004 valet
213 944 323 1019 autem,
347 943 373 1002 si
396 943 528 1019 quisita
551 944 617 1002 dari
640 942 814 1018 stipuletur:
838 961 906 1002 cum
924 943 1035 1002 moriar
1054 942 1121 1002 dari

102 1031 251 1107 spondes?
273 1031 323 1092 vel
347 1027 425 1110 iter>
448 1051 515 1091 cum
537 1031 673 1091 morieris
697 1031 762 1090 dari
786 1031 933 1107 spondes?
969 1031 1000 1090 id
1019 1034 1065 1090 est
1084 1036 1119 1091 ut

102 1121 136 1180 in
163 1120 357 1180 novissimum
385 1123 465 1180 vitae
493 1126 612 1195 tempus
642 1121 828 1196 stipulatoris
852 1124 906 1179 aut
928 1121 1119 1197 promissoris

101 1209 249 1287 obligatio
280 1209 460 1269 conferatur.
508 1228 579 1269 nam
605 1209 760 1286 inelegans
789 1227 854 1270 esse
882 1210 978 1269 visum
1006 1212 1053 1269 est
1080 1210 1119 1268 ab

101 1297 223 1357 heredis
241 1317 368 1375 persona
386 1299 517 1374 incipere
531 1298 755 1374 obligationem.
787 1317 907 1358 rursum
920 1298 966 1357 ita
979 1299 1120 1374 stipulari

100 1406 163 1446 non
195 1405 366 1462 possumus:
399 1387 496 1463 pridie
528 1406 618 1462 quam
650 1388 774 1464 moriar,
806 1390 872 1446 aut:
904 1387 998 1462 pridie
1028 1406 1120 1463 quam

100 1475 240 1536 morieris
272 1476 337 1535 dari
365 1475 512 1551 spondes?
554 1477 625 1551 quia
651 1495 711 1536 non
738 1478 839 1552 potest
866 1477 954 1536 aliter
981 1476 1119 1553 intellegi

101 1559 213 1640 ‘pridie
239 1583 330 1642 quam
352 1565 461 1642 aliquis
484 1559 651 1641 morietur',
675 1582 765 1641 quam
788 1565 815 1622 ei
836 1584 915 1624 mors
940 1568 1042 1624 secute
1066 1566 1119 1642 sit,

100 1673 207 1714 rursus
240 1657 336 1713 morte
370 1658 472 1713 secuta
499 1655 531 1713 in
557 1653 755 1729 praeteritum
781 1653 935 1713 reducitur
963 1654 1119 1730 stipulatio

99 1747 134 1802 et
171 1743 388 1820 quodammodo
424 1743 496 1802 talis
533 1745 593 1801 est:
629 1742 732 1801 heredi
768 1761 834 1801 meo
871 1743 936 1801 dari
971 1743 1119 1819 spondes?

101 1850 180 1907 quae
213 1850 284 1890 saue
311 1832 427 1891 inutilis
456 1835 510 1891 est.
560 1849 765 1908 quaecumque
793 1831 829 1891 de
857 1835 953 1891 morte
981 1832 1119 1908 diximus,

100 1920 208 1980 eadem
227 1925 258 1979 et
276 1920 312 1979 de
331 1922 438 1996 capitis
455 1919 658 1980 deminutione
673 1920 754 1979 diota
766 1920 985 1996 intellegemus.
1021 1920 1119 1981 adhuc

100 2009 218 2069 inutilis
250 2012 296 2068 est
329 2010 499 2088 stipulatio,
532 2009 558 2068 si
584 2010 651 2085 quis
679 2010 718 2068 ad
745 2008 776 2066 id
804 2009 884 2087 quod
912 2009 1119 2088 interrogatus

99 2098 175 2174 erit,
206 2117 266 2157 non
297 2099 499 2174 responderit,
531 2099 627 2158 veluti
660 2098 686 2156 si
718 2098 858 2158 sestertia
885 2098 912 2156 X
945 2118 963 2158 a
994 2103 1025 2158 te
1053 2099 1119 2158 dari

100 2186 244 2263 stipuler,
276 2190 307 2245 et
334 2189 368 2247 tu
397 2189 537 2248 sestertia
565 2188 591 2245 V
619 2188 793 2265 promittas,
826 2189 879 2246 aut
907 2187 933 2246 si
960 2207 1016 2267 ego
1044 2208 1119 2264 pure

100 2275 243 2351 stipuler,
270 2279 306 2336 tu
334 2277 390 2336 sub
413 2277 583 2337 condicione
606 2277 774 2352 promittas.
820 2280 979 2353 praeterea
1001 2278 1118 2337 inutilis

98 2368 149 2424 est
177 2365 346 2441 stipulatio,
376 2366 401 2424 si
429 2367 456 2425 ei
483 2366 548 2424 dari
576 2367 768 2443 stipulamur,
796 2367 880 2425 cuius
907 2366 968 2424 iuri
991 2367 1119 2426 subiecti

100 2471 164 2511 non
186 2447 309 2513 sumus.⁷
345 2453 411 2513 Gai.
427 2457 456 2529 3,
472 2456 633 2515 97-103.

195 2537 267 2601 154.
295 2536 334 2602 Ι).
347 2538 401 2619 45,
418 2537 445 2619 1,
460 2538 512 2616 83,
528 2538 557 2600 7.
599 2536 720 2601 Paulus
744 2536 827 2601 libro
852 2538 1116 2622 septuagensimo

100 2625 244 2690 secundo
264 2625 305 2689 ad
323 2624 464 2689 edictum
484 2623 532 2710 (P.
544 2621 634 2705 798).
653 2661 696 2671 —
715 2622 872 2707 Stichum,
895 2625 950 2707 qui
969 2626 1118 2708 decessit,

100 2714 132 2778 si
161 2713 311 2796 stipuler,
339 2714 367 2778 si
396 2714 524 2797 quidem
552 2714 676 2778 cundici
704 2713 803 2776 etiem
828 2717 975 2777 mortuus
999 2715 1116 2795 potuit,

99 2805 140 2866 ut
162 2802 235 2885 furi,
259 2802 384 2867 utiliter
406 2824 458 2866 me
481 2802 674 2886 stipulatum
693 2799 831 2867 Sabinus
851 2801 911 2886 ait3
934 2801 1057 2868 sivero
1078 2824 1116 2867 er

98 2890 175 2956 aliis
196 2892 310 2974 causis,
333 2891 501 2976 inutiliter,
525 2892 600 2976 quia
619 2895 652 2956 et
669 2892 697 2956 si
715 2891 895 2973 deberetur,
918 2895 1023 2954 morte
1041 2913 1115 2974 pro·

100 2981 222 3045 missor
245 2979 407 3045 liberetur.

194 3068 267 3136 155.
304 3067 373 3134 Gai.
393 3070 423 3152 3,
445 3070 518 3135 103.
544 3107 589 3117 -
616 3118 651 3134 ..
678 3069 757 3134 illud
786 3068 966 3152 quaesitum
995 3071 1057 3152 eet,
1088 3070 1116 3133 si

99 3159 175 3243 quie
200 3158 262 3222 sibi
286 3163 317 3223 et
339 3159 369 3224 ei
388 3156 479 3223 cuius
498 3159 560 3223 iuri
579 3159 739 3223 subiectus
758 3179 824 3222 non
844 3161 903 3236 eet,
927 3157 996 3222 dari
1015 3158 1116 3242 stipu-

99 3248 196 3331 letur,
215 3247 251 3310 in
267 3251 422 3331 quantum
438 3248 545 3312 valeat
560 3247 737 3331 stipulatio.
773 3247 877 3311 nostri
890 3250 1115 3332 praeceptores

98 3338 221 3421 putant
252 3335 285 3400 in
316 3336 504 3401 universum
537 3337 644 3402 valere
676 3340 709 3400 et
739 3335 874 3421 proinde
907 3336 936 3401 ei
969 3337 1029 3401 soli
1060 3337 1116 3421 qui

99 3424 279 3509 stipulatus
299 3426 350 3509 eit,
369 3425 508 3490 solidum
527 3426 645 3509 deberi,
669 3428 765 3509 atque
787 3425 815 3489 si
834 3425 980 3490 extranei
996 3447 1117 3492 nomen

96 3535 167 3579 non
192 3513 369 3580 adiecisset.
