2568 3890
428 145 452 194 7.
476 139 513 196 Μ.
530 139 721 196 ANTISTIUS
739 140 857 198 LABEO
1080 141 1145 205 219

21 333 22 372 l
136 308 173 368 ut
193 303 280 368 nuto
303 304 483 371 redderetur.
524 323 613 385 posse
636 304 704 370 diri
725 325 801 368 cum·
816 325 861 387 eo,
884 307 969 388 opud
989 325 1077 386 quern
1099 307 1146 370 de

132 393 238 476 positu
270 397 357 476 esset,
388 392 496 456 iucertr'
527 413 614 475 apere
637 391 691 475 [id
715 397 759 457 cst
785 394 828 457 ud
853 394 1093 473 relaberetur]
1120 400 1148 459 et
1196 393 1199 398 ’

138 480 304 547 ectrbr'taru
326 482 490 561 uindicare,
513 483 587 562 grtia
608 500 712 546 amous
734 483 769 546 irc
792 483 964 564 mouendo
988 489 1076 548 tirum
1096 484 1147 549 irs

137 571 270 635 demtus
290 569 390 651 facere
411 590 474 634 recu
489 571 647 652 potuisset

21 719 23 760 l
515 754 562 812 De
585 753 768 814 commodato.

229 862 303 928 168.
335 861 373 928 D.
388 862 418 946 9,
432 863 462 944 2,
478 861 530 927 57.
571 862 744 927 Iavolenus
767 862 850 927 libro
876 865 965 927 sexto
985 885 1022 926 ex
1041 867 1146 946 poste·

21 1197 23 1278 l

21 1299 23 1360 l

139 951 280 1016 rioribus
294 949 466 1016 Labeonis.
483 987 521 998 -
539 951 666 1035 Equum
685 951 748 1016 tibi
766 951 979 1035 commodavi3
998 953 1032 1014 in
1053 973 1089 1016 eo
1109 956 1145 1016 tu

143 1048 215 1104 cum
244 1040 403 1123 equitares
432 1046 465 1104 et
487 1063 551 1104 una
574 1041 754 1124 complures
779 1042 974 1125 equitarent,
1002 1061 1083 1104 unus
1108 1062 1146 1105 ex

95 1179 97 1184 .
141 1130 192 1193 his
226 1129 322 1193 irruit
348 1129 382 1192 in
411 1150 529 1213 equum
556 1133 651 1213 teque
678 1129 793 1194 deiecit
821 1133 853 1193 et
880 1150 918 1194 eo
948 1151 1025 1193 casu
1053 1150 1146 1194 crura

141 1217 215 1302 aqui
238 1217 342 1282 tracta
366 1222 449 1282 sunt.
491 1217 598 1282 Labeo
621 1221 720 1301 negat
738 1221 843 1282 tecum
863 1219 964 1282 ullam
985 1218 1146 1282 actionem

140 1327 223 1390 esse,
251 1307 306 1370 sed
335 1307 363 1370 si
391 1305 508 1390 equitis
540 1307 635 1388 culpa
658 1307 777 1372 factum
802 1311 900 1390 esset,
929 1329 1001 1371 cum
1025 1307 1144 1391 equite3

139 1417 216 1460 sane
239 1417 306 1460 non
329 1417 401 1460 cum
424 1396 496 1479 equi
519 1395 649 1460 domino
672 1396 726 1479 agi
749 1416 852 1478 posse.

447 1612 548 1671 Libri
571 1612 834 1672 XXXVIII-XL.

21 1779 22 1818 ,
227 1727 485 1804 Gell.13,10,2
519 1721 657 1804 ‘quorum
690 1728 834 1787 librorum
867 1721 935 1808 (qui
966 1730 1146 1804 posteriores

21 1819 23 1952 p
140 1808 360 1899 inscribuntur)
392 1819 454 1876 tres
486 1817 632 1891 continui,
665 1817 854 1876 tricensimus
884 1821 1006 1878 octavus
1035 1821 1066 1877 ct
1093 1819 1147 1878 tri·

140 1906 287 1967 censimus
314 1925 409 1965 nonus
438 1907 469 1964 ct
496 1906 771 1984 quadragensimo,
798 1905 881 1982 pleni
904 1910 973 1966 sunt
995 1907 1027 1966 id
1049 1925 1144 1985 genus

21 1997 23 2042 l
100 2018 103 2024 ¹
139 2015 239 2056 rerum
268 1994 305 2054 ad
333 1993 529 2054 enarrandam
557 1997 588 2054 et
614 1995 827 2057 illustrandam
849 1995 983 2072 linguam
1006 1995 1145 2056 Latinam

139 2077 388 2143 conducentium'.
440 2085 518 2160 quod
546 2083 576 2143 in
604 2083 793 2162 fragmentis,
822 2103 899 2160 quae
926 2085 957 2143 in
985 2085 1146 2144 Iustiniani

136 2172 271 2251 Digestis
296 2174 454 2232 servantur
477 2191 570 2250 eaque
591 2173 752 2249 rarissima,
775 2173 849 2232 talia
867 2192 926 2232 non
944 2174 1146 2249 inveniuntur,

137 2262 248 2320 mirum
279 2281 338 2320 non
371 2264 423 2320 ost.
474 2261 577 2338 itaque
609 2262 678 2320 inde
706 2264 914 2340 argumentum
942 2264 1006 2338 peti
1033 2265 1146 2342 nequit,

138 2370 196 2426 quo
226 2351 299 2409 duas
328 2350 421 2408 fuisse
450 2351 548 2424 operis
573 2351 718 2425 epitomas
741 2352 892 2426 probetur.
939 2353 1027 2411 aliter
1054 2353 1147 2412 sentit

136 2439 224 2500 Joers
248 2439 434 2516 Realencycl.
454 2439 484 2498 ΙΙ
499 2441 595 2498 2554.

493 2650 601 2709 Liber
623 2649 788 2709 XXXVIII.

560 2767 607 2825 Dc
628 2767 725 2839 furtr'e.

228 2880 301 2944 169.
336 2878 374 2944 D.
390 2879 443 2961 48,
459 2877 509 2962 13,
527 2879 577 2956 ll,
593 2877 622 2941 2.
667 2875 787 2940 Paulus
815 2876 898 2941 libro
927 2874 1084 2960 singulari
1107 2875 1146 2940 de

138 2968 265 3034 iudiciis
288 2968 424 3052 publicis
449 2964 498 3054 (P.
516 2962 626 3052 1267).
650 3002 688 3012 —
713 2964 821 3030 Labeo
845 2964 930 3030 libro
954 2963 1145 3049 trigensimo

140 3061 252 3122 octavo
269 3057 484 3138 posteriorum
498 3056 682 3139 peculatum
697 3054 808 3118 definit
826 3053 980 3138 pecuniae
1000 3050 1146 3136 publicae

21 3143 22 3148 ’
139 3151 195 3211 aut
224 3167 331 3210 sacrae
359 3144 482 3209 furtum
508 3166 577 3208 non
600 3144 640 3207 ab
665 3165 702 3206 eo
726 3143 862 3226 factum,
890 3143 979 3207 cuius
1003 3141 1145 3225 periculo

21 3285 22 3288 η
136 3236 214 3318 fuit,
242 3236 275 3299 et
301 3233 373 3298 ideo
402 3233 566 3297 aedituum
594 3233 628 3295 in
656 3231 723 3315 his,
753 3252 835 3314 quae
863 3231 891 3296 ei
918 3230 1039 3295 tradita
1063 3233 1147 3313 sunt,

138 3323 322 3408 peculatum
346 3344 411 3387 non
435 3322 612 3386 admittere.

229 3412 302 3476 170.
325 3411 363 3474 D.
376 3410 454 3476 ibid.
468 3413 487 3490 ξ
502 3410 531 3476 3.
551 3446 593 3456 -
612 3407 735 3473 Eodem
757 3409 863 3491 capite
882 3407 1015 3474 inferius
1029 3407 1147 3473 scribit

138 3523 203 3567 non
236 3500 343 3566 solum
370 3504 540 3586 pecuniam
568 3499 744 3582 publicam,
778 3497 833 3564 sed
861 3497 959 3562 etiam
986 3499 1143 3582 privatam
