2580 3888
431 184 457 233 2.
480 178 663 236 MASURIUS
682 177 836 234 SABINUS
1077 178 1143 244 351

132 345 261 405 Sabinus
278 365 350 406 vere
368 346 532 427 ignominia
551 367 619 406 eum
639 347 826 407 eximendum
846 365 917 406 esse.
951 346 1014 407 Gai.
1027 349 1056 423 2,
1069 349 1142 408 154.

131 437 309 513 argumenta
328 454 444 513 quoque
468 436 506 494 ab
529 438 656 513 utroque
677 439 823 511 usurpata
840 454 1053 513 nonnunquam
1071 435 1143 495 affe·

128 525 245 584 runtur.
292 524 393 585 Labeo
425 526 556 584 tutorem
589 528 657 584 ante
684 524 803 583 heredis
831 525 1049 584 institutionem
1077 525 1144 584 dari

129 631 217 689 posse
240 612 307 672 ideo
331 614 520 689 existimavit,
544 608 636 690 ‘quod
658 613 734 671 nihil
756 632 792 672 ex
813 612 980 672 hereditate
1000 617 1143 690 erogatur

128 703 239 761 tuteris
263 697 394 762 datione'
413 695 493 782 (Gai.
505 694 637 781 2,231);
660 703 776 761 furtum
800 702 922 761 afurvo
945 703 1055 761 dictum
1074 703 1144 762 ideo

128 791 259 866 putavit,
285 785 375 868 ‘quod
404 792 480 850 clam
510 795 540 850 et
566 793 690 851 obscure
713 790 767 850 fiat
789 792 820 849 et
842 791 1018 866 plerumque
1042 785 1143 851 nocte'

128 870 414 961 (D.47,2,1pr.);
446 881 596 939 furtorum
629 880 755 957 denique
789 879 847 939 duc
879 881 1000 938 tantum
1031 899 1144 956 genera

130 985 193 1026 esse
221 969 354 1045 putavit,
383 969 461 1046 qued
489 972 665 1046 conceptum
691 971 722 1028 et
746 968 882 1028 oblatum
905 969 1017 1043 speeies
1040 969 1145 1043 petius

128 1057 255 1116 actionis
283 1061 383 1118 essent
410 1058 491 1117 furto
520 1059 712 1118 cohaerentes
741 1077 830 1135 quam
857 1075 968 1134 genera
990 1056 1142 1116 furtorum

130 1138 209 1226 (Gai.
230 1138 363 1228 3,183).
410 1145 538 1206 Sabinus
565 1166 636 1208 vero
664 1147 865 1206 necessarium
892 1144 1032 1205 heredem
1055 1146 1142 1205 illum

127 1233 293 1312 ignominia
323 1236 391 1294 ideo
420 1235 607 1294 eximendum
636 1254 700 1295 esse
728 1235 861 1311 putavit,
889 1229 971 1312 ‘quia
998 1253 1058 1294 nen
1087 1253 1142 1294 suo

128 1323 203 1491 {itio
227 1322 279 1382 sed
296 1323 475 1492 nec)essitate
495 1323 570 1383 iuris
589 1324 736 1384 bonorum
752 1324 956 1384 venditionem
974 1315 1144 1399 pateretur'

147 1410 210 1471 Gai.
232 1413 369 1487 2,154.

216 1498 351 1576 Denique
377 1502 557 1560 menendum
584 1504 643 1578 est,
671 1501 792 1560 Graecis
820 1502 942 1561 vocibus
970 1500 1142 1560 Labeonem

129 1604 218 1663 saepe
245 1607 332 1647 usum
360 1607 437 1665 esse,
466 1589 645 1649 abstinuisse
674 1589 824 1649 Sabinum.

217 1675 298 1746 Quae
326 1696 394 1736 cum
420 1679 464 1737 ita
491 1679 564 1750 sint,
591 1677 716 1738 Sabinus
741 1679 798 1736 etsi
821 1679 931 1738 veteris
955 1678 1030 1737 iuris
1053 1678 1140 1738 insti·

126 1768 204 1843 tuta,
219 1784 294 1842 quae
309 1765 430 1842 quidem
443 1767 593 1844 probaret,
608 1768 747 1826 servabat
760 1757 812 1847 (cf.
824 1765 898 1826 Gell.
910 1769 939 1843 5,
954 1759 1140 1849 19,13,14),

126 1856 228 1914 tamen
256 1873 334 1914 nova
361 1859 520 1931 praecepta
546 1874 723 1932 preponere,
754 1857 780 1914 si
807 1855 894 1916 modo
921 1857 1002 1914 iusta
1030 1861 1140 1934 essent,

125 1962 186 2002 non
200 1942 365 2002 dubitabat.
393 1943 469 2004 illud
482 1964 554 2005 vero
567 1945 689 2004 maximi
703 1945 847 2004 momenti
861 1947 914 2021 est,
934 1945 1013 2022 quod
1028 1945 1139 2005 civium

127 2030 226 2091 officia
239 2032 356 2108 plenius
370 2035 401 2092 et
415 2034 546 2094 severius
560 2034 775 2111 interpretatus
791 2036 844 2110 est,
864 2053 953 2112 quam
967 2033 1141 2094 hominibus

124 2120 263 2196 publicae
290 2122 440 2182 libertatis
467 2123 608 2182 studiosis
635 2123 757 2183 videtur
782 2124 941 2200 placuisse.
991 2124 1029 2182 ad
1057 2143 1138 2183 sum·

125 2228 219 2268 nram:
247 2210 311 2270 eius
335 2210 509 2286 disciplinae
532 2213 670 2289 publicae
693 2217 793 2272 custos
819 2232 854 2273 ao
881 2213 990 2274 vindex
1016 2213 1142 2273 videtur

127 2297 274 2376 extitisse,
302 2301 338 2358 de
366 2319 426 2376 qus
447 2301 559 2361 Paulus
586 2302 618 2360 in
644 2301 731 2361 libris
754 2303 791 2360 ad
819 2302 962 2363 Sabinum
983 2303 1057 2361 haec
1080 2303 1137 2361 ait:

127 2379 294 2462 ‘disciplina
326 2393 489 2448 castrorum
521 2391 672 2467 antiquior
703 2391 763 2449 suit
793 2391 968 2465 perentibus
995 2391 1142 2450 Romanis

127 2493 218 2551 qnam
242 2477 350 2536 caritas
372 2474 546 2538 liberorum'
569 2479 605 2538 D.
624 2479 842 2555 49,15,19,7
867 2479 898 2538 Ρ.
920 2481 1013 2539 1893.

510 2699 533 2760 Ι.
557 2699 748 2776 Responsa.

216 2831 390 2911 biaoariam,
413 2832 466 2910 qui
488 2832 520 2891 in
543 2833 675 2910 equestri
698 2832 800 2892 ordine
822 2832 941 2909 publice
959 2833 1072 2909 primus
1091 2851 1141 2892 re·

126 2921 247 2997 spondit
270 2915 467 3002 (Pomponius
486 2917 591 3001 849),
614 2921 744 2999 plurima
761 2939 904 2998 responsa
926 2921 1043 2982 dedisse
1067 2940 1136 2981 oon-

126 3013 302 3071 sentaneum
326 3015 378 3071 est.
424 3011 625 3087 praeceptoris
644 3029 786 3087 responsa
804 3011 994 3070 tradiderunt
1014 3009 1136 3071 Cassius

127 3093 299 3178 (Sabinum
313 3100 559 3176 ...respondisse
575 3098 695 3160 Cassius
708 3094 812 3159 refert'
826 3100 863 3160 D.
874 3103 901 3178 1,
912 3103 941 3176 8,
952 3101 980 3174 8,
990 3102 1017 3160 2.
1042 3093 1136 3158 ‘sabi-

127 3207 200 3247 num
215 3189 401 3264 respondisse
417 3188 536 3248 Cassius
550 3184 680 3248 rettulit'
690 3188 725 3248 D.
734 3180 900 3270 8,1,4pr.),
909 3188 1045 3248 Fufidius
1056 3182 1138 3269 (Gai.

128 3279 234 3350 2,154
250 3271 439 3353 ‘quemquam
458 3278 536 3354 apud
551 3277 700 3336 Fufidium
715 3276 823 3337 Sabino
837 3271 991 3360 placeat'),
1009 3277 1137 3338 Urseius

125 3365 222 3424 Ferox
237 3358 388 3446 (Urseius
406 3366 500 3426 refert
514 3365 657 3426 Sabinum
675 3360 874 3441 respondisse'
895 3365 969 3426 0011.
981 3369 1030 3445 12,
1047 3370 1075 3445 7,
1091 3359 1135 3448 9),

129 3453 266 3513 Minicius
285 3448 297 3516 i
301 3449 456 3515 ‘Sabinum
474 3453 664 3530 respondisse
677 3454 815 3514 Minicius
833 3450 937 3516 refert'
956 3456 992 3515 D.
1005 3460 1054 3536 19,
1067 3459 1136 3534 1,6,

126 3534 173 3623 4),
197 3541 300 3602 Celsus
323 3543 402 3604 filius
422 3537 578 3624 (‘8abinus
601 3544 762 3622 respondit,
784 3547 820 3606 ut
843 3548 874 3605 st
893 3544 998 3607 celsus
1017 3565 1134 3608 ...re-
