2550 3888
435 175 458 224 7.
482 169 519 224 Μ.
534 168 726 225 ANTISTIUS
745 167 864 223 LABEO
1017 171 1019 176 ’
1112 171 1153 233 67

145 332 235 398 domi
261 337 460 415 nasceretur,
486 332 660 416 quotannis
692 333 726 395 in
757 355 859 398 annos
887 333 1032 418 singulos
1061 334 1156 399 binos

144 422 255 486 culeos
284 421 377 485 heres
405 442 495 484 meus
519 421 611 485 Attio
641 421 737 486 dato’.
783 423 880 486 etiarn
906 444 966 506 pro
995 444 1033 487 eo
1061 444 1157 506 enno,
1227 445 1229 450 ·

144 532 207 596 quo
226 509 307 574 nihil
327 509 395 572 vini
414 513 526 574 natum
551 513 611 590 est,
634 508 743 574 deberi
766 509 846 573 duos
870 511 986 595 culeos,
1001 517 1036 575 -si
1060 511 1156 577 modo

143 621 182 666 ex
205 597 370 663 vindemia
393 601 573 662 ceterorum
597 620 756 662 annorum
779 599 984 683 dari'possit.

479 753 523 809 De
541 755 703 824 supellectcli
720 755 819 843 leuata.

231 857 262 922 9.
290 856 329 920 D.
344 857 396 939 33,
413 856 463 939 10,
480 856 529 919 10.
570 853 740 918 Iavolenus
763 855 848 919 libro
871 855 967 920 tertio
991 878 1030 920 ex
1047 862 1155 940 poste·

142 946 283 1011 rioribus
307 942 476 1009 Labeonis.
501 980 540 991 -
567 943 629 1020 Qui
651 948 776 1008 vestem
799 964 926 1008 omnem
955 949 988 1008 et
1013 967 1065 1009 res
1088 946 1155 1030 plu-

141 1036 226 1099 rium
257 1055 410 1119 generum
434 1032 644 1116 supellectilis
668 1053 807 1118 expenso
830 1031 915 1096 ferre
939 1033 1054 1098 solitus
1078 1042 1156 1118 erat,

141 1125 170 1188 is
198 1123 293 1188 uxori
321 1121 552 1205 supellectilem
574 1121 750 1206 legaverat
790 1122 1010 1206 ..negabant
1031 1126 1155 1187 vestem

142 1214 253 1296 legato
288 1232 449 1275 cessuram
480 1207 590 1274 Labeo
617 1208 729 1274 Ofilius
762 1207 951 1292 Cascellius,
983 1211 1059 1294 quia
1091 1233 1156 1277 non

142 1308 253 1385 posset
277 1299 379 1363 videri
403 1298 503 1366 vestis
523 1299 739 1383 appellatione
759 1298 969 1382 supellectilis
989 1299 1155 1365 contineri.

232 1390 283 1454 10.
317 1387 357 1452 D.
371 1389 425 1470 33,
440 1388 490 1471 10,
505 1388 556 1452 11.
596 1386 686 1451 Idem
708 1387 794 1453 libro
818 1387 941 1453 decimo
961 1409 1000 1452 ex
1018 1391 1155 1472 posteri-

142 1478 252 1543 oribus
271 1477 441 1542 Labeonis.
461 1511 503 1522 -
522 1474 613 1540 Vasa
635 1497 734 1540 aenea
753 1475 899 1541 salientis
919 1498 1019 1560 aquae
1038 1478 1155 1562 posite,
1249 1545 1255 1554 ,

142 1569 220 1632 item
245 1568 273 1631 si
293 1565 370 1650 quid
389 1565 477 1630 aliud
497 1565 602 1648 magis
626 1564 813 1629 deliciarum
836 1585 933 1647 quem
956 1587 1033 1630 usus
1057 1582 1155 1632 causa

140 1660 293 1740 paratum
317 1657 412 1738 esset,
434 1675 500 1718 non
524 1674 594 1717 esse
618 1653 826 1736 supellectilis
849 1653 959 1719 Labeo
983 1653 1153 1721 Trebatius

163 1748 268 1810 utant.

140 1768 161 1831 p
231 1834 283 1898 11.
307 1831 347 1896 D.
357 1833 408 1910 32,
418 1832 462 1897 30
471 1853 519 1915 pr.
547 1829 654 1895 labeo
674 1830 758 1896 libro
778 1831 917 1896 seeundo
936 1833 1152 1914 posteriorum

140 1946 160 1988 a
195 1921 352 1987 Iavoleno
389 1916 647 2004 epitomatorum.
685 1955 726 1965 -
767 1919 829 2000 Qui
864 1925 1010 2001 quattuor
1038 1923 1154 2003 poeula

139 2013 298 2094 oleapiaeo
326 2009 466 2092 babebat,
497 2010 544 2073 ite
572 2009 696 2090 lepaoit:
730 2007 850 2090 ‘pocula
877 2009 1033 2094 oleapinea
1053 2013 1153 2093 paria

138 2099 221 2166 dco'.
270 2099 413 2180 respondi
438 2118 538 2162 coam
560 2118 625 2179 par
652 2099 783 2187 leuatum
810 2119 883 2181 esse,
900 2101 990 2180 ,quia
1016 2119 1079 2164 coa
1104 2101 1153 2166 ita

5 2201 6 2210 ’
138 2195 228 2256 esset:
254 2187 340 2253 ‘bina
356 2186 466 2269 paria'
489 2207 584 2267 aeque
606 2188 667 2250 ita:
691 2185 878 2270 ‘poculorum
897 2190 994 2270 paria
1016 2188 1097 2254 ἄπιθ’.
1183 2218 1185 2221 ’

504 2351 547 2406 De
565 2357 676 2422 cruento
695 2352 790 2422 lepcto.

163 2461 164 2464 ’
229 2454 280 2518 12.
314 2453 352 2517 D.
366 2453 423 2538 34,
437 2431 471 2535 2,
486 2452 542 2535 39,
558 2454 585 2516 1.
630 2451 802 2517 Iavolenus
830 2452 914 2518 libro
943 2455 1082 2520 seeundo
1112 2477 1152 2518 ex

139 2541 375 2628 posterioribus
394 2539 565 2606 Labeonis.
584 2577 627 2586 -—
647 2538 728 2605 Oum
746 2541 792 2604 ita
810 2542 954 2624 legatum
973 2547 1072 2607 esset:
1092 2543 1152 2607 ‘arss

5 2655 6 2702 ῖ
140 2637 273 2714 gentum
294 2630 379 2714 quod
402 2630 496 2694 domo
519 2651 592 2693 mea
616 2629 678 2692 erit
700 2649 771 2692 eum
795 2629 936 2713 morier',
955 2626 1069 2694 Ofilius
1092 2653 1152 2696 nec

5 2725 6 2738 ¹
139 2721 224 2805 quod
258 2720 439 2804 depositum
476 2741 495 2783 a
532 2739 566 2782 sc
598 2738 656 2781 nec
689 2717 773 2799 quod
807 2717 1048 2781 commodatum
1079 2720 1150 2782 reli·
1224 2765 1225 2768 η

138 2811 264 2894 quisset
283 2812 454 2892 argentum
471 2807 614 2890 legatum
638 2805 739 2869 videri
761 2805 937 2889 respondit.
973 2806 1057 2870 idern
1077 2804 1152 2872 Oas-

5 2943 7 2972 ζ
136 2900 251 2963 cellius
275 2897 314 2960 de
338 2896 551 2962 commodato.
597 2893 716 2978 Labeo,
742 2896 826 2980 quod
850 2895 1032 2980 depositum
1055 2900 1152 2979 esset,

5 2985 7 3068 ξ
135 2989 185 3052 ita
213 2987 337 3068 deberi,
366 2986 393 3049 si
425 2984 604 3069 praesentis
627 2985 791 3049 custodiae
816 3006 927 3070 causa,
949 3006 1015 3049 non
1037 3006 1150 3069 perpe·

5 3139 6 3146 ,
134 3083 211 3141 tuce
239 3074 341 3140 veluti
364 3073 439 3156 <in>
466 3073 642 3138 thensauro
672 3073 853 3157 depositum
878 3078 971 3154 esset,
994 3075 1070 3156 quia
1093 3074 1150 3138 illa

5 3175 7 3200 ³
134 3165 236 3230 verba
265 3163 367 3248 ‘quod
397 3162 490 3227 domo
518 3183 589 3226 mea
618 3159 695 3225 erit’
721 3164 767 3226 sic
795 3162 895 3247 accipi
924 3163 1038 3226 debere
1062 3161 1149 3226 ‘esse

135 3251 286 3320 solebat'.

474 3337 518 3393 De
535 3335 695 3392 testudineis
712 3335 816 3403 tepetis.

222 3440 275 3505 13.
314 3437 354 3504 D.
374 3438 430 3523 32,
451 3438 527 3516 100,
546 3437 590 3502 4.
621 3435 793 3501 Iavolenus
825 3435 909 3499 libro
938 3437 1076 3502 secundo
1110 3461 1148 3500 ex

134 3528 372 3614 posterioribus
385 3526 553 3594 Labeonis.
574 3563 612 3574 -
634 3524 693 3592 Oui
711 3523 893 3590 testudinea
908 3524 1017 3608 legata
1032 3530 1149 3606 essent,

898 3629 936 3680 5*
