2508 3896
377 167 402 216 2.
425 160 610 217 MASURIUS
631 161 784 218 SABINUS
1019 161 1089 229 559.

165 323 290 388 ‘Rursus
320 348 356 389 ex
384 329 532 389 contrario
561 329 680 402 accidit,
712 332 747 388 ut
775 329 827 405 qui
855 329 929 390 sciat
956 329 1084 389 alienam

74 437 138 478 rem
165 437 197 478 se
224 418 388 496 possidere,
410 419 582 494 usucapiat,
608 417 704 478 veluti
728 417 754 478 si
775 437 840 476 rem
863 419 1085 497 hereditariam,

75 507 160 567 cuius
178 507 397 584 possessionem
415 507 501 567 heres
519 506 650 567 nondum
668 509 773 566 nactus
788 511 842 583 est,
862 507 969 585 aliquis
983 527 1085 586 posse-

74 596 165 674 derit3
187 615 257 654 nem
280 597 307 654 ei
330 613 501 656 concessum
523 591 591 674 <est
614 590 807 675 usu>ccpere,
832 596 856 655 si
875 597 962 656 modo
981 616 1017 655 ea
1035 615 1090 674 res

74 688 120 744 est
139 704 217 761 quae
234 685 341 761 recipit
358 685 576 760 usucapionem.
613 702 689 762 quae
709 684 820 760 species
838 685 1033 760 possessionis
1054 689 1085 746 et

72 774 262 851 usucapionis
283 791 338 850 pro
361 774 470 833 herede
493 778 625 834 vocatur.
669 777 700 834 et
722 774 755 832 in
776 776 895 833 tantum
917 774 990 833 haec
1012 793 1083 834 usn·

73 863 158 939 capio
181 880 320 923 concessa
343 867 397 942 est,
419 866 455 923 ut
477 866 508 923 et
530 881 577 922 res
601 881 677 939 quae
700 864 763 923 solo
784 863 983 939 continentur,
1006 881 1084 924 anno

71 952 297 1028 usucapiantur.
346 971 439 1028 quare
471 955 572 1012 autem
594 953 654 1035 vhoc
682 969 755 1010 casu
781 951 873 1010 etiam
901 951 957 1010 soli
983 968 1085 1010 rerum

71 1060 172 1100 annuc
201 1042 365 1100 constituis
392 1041 433 1100 sit
459 1041 615 1116 usucapio,
641 1041 695 1100 illa
722 1039 800 1099 ratio
824 1043 881 1113 est,
910 1038 989 1115 quod
1012 1039 1084 1099 olim

70 1149 174 1190 rerum
200 1130 449 1188 hereditariarum
475 1130 661 1206 possessione
688 1129 773 1189 velut
794 1129 878 1204 ipsae
901 1128 1084 1187 hereditates

70 1219 198 1294 usucapi
211 1217 417 1296 credebantur,
436 1219 550 1278 sufficet
563 1237 651 1279 anno.
686 1219 735 1277 lex
749 1218 827 1278 enim
841 1217 900 1276 XII
910 1218 1085 1276 tabularum

70 1308 127 1369 soli
151 1307 274 1385 quidem
295 1327 343 1367 res
367 1307 486 1367 hiennio
508 1308 633 1383 usucapi
654 1307 751 1383 iussit,
775 1309 888 1366 ceteras
906 1325 977 1365 vero
998 1324 1084 1365 enno.

71 1417 141 1476 ergo
172 1395 323 1456 hereditas
350 1397 383 1456 in
405 1396 511 1456 ceteris
534 1397 623 1456 rebus
647 1394 806 1456 videbatur
828 1414 906 1468 esse,
934 1395 1005 1469 quia
1028 1394 1084 1454 soli

68 1505 129 1546 non
154 1488 210 1560 est,
234 1485 304 1561 quia
325 1505 421 1562 neque
444 1485 607 1560 corporalis
630 1488 685 1544 est.
723 1478 801 1563 (et>
823 1483 958 1560 quamvis
978 1486 1085 1559 postea

69 1575 220 1635 creditum
247 1573 286 1632 sit
313 1573 393 1649 ipsas
420 1575 603 1634 hereditates
626 1574 751 1650 usucapi
773 1593 833 1632 non
855 1590 956 1649 posse,
983 1575 1086 1632 tamen

70 1664 102 1723 in
125 1663 267 1724 omnibus
289 1662 379 1723 rebus
403 1663 605 1738 hereditariis,
634 1662 724 1722 etiam
747 1681 825 1738 quae
849 1662 911 1720 solo
934 1663 1086 1739 tenentur,

69 1771 173 1812 annua
205 1751 349 1827 usucapio
382 1752 526 1812 remansit
649 1752 815 1811 necessario
847 1753 950 1810 tamen
976 1749 1086 1810 herede

70 1843 195 1902 emente
217 1839 293 1899 nihil
315 1831 383 1918 ipso¹
403 1841 469 1900 iure
491 1860 545 1916 pro
568 1840 676 1900 herede
697 1840 820 1915 usucapi
838 1841 948 1914 potest.
985 1838 1085 1898 adhuc

70 1931 166 1992 etiam
191 1947 225 1988 ex
245 1929 312 1988 aliis
330 1931 428 1988 causis
448 1929 542 1989 sciens
561 1929 686 2006 quisque
704 1948 768 1988 rem
787 1929 915 1987 alienam
933 1917 1087 2005 usucapit3

68 2040 141 2081 nem
170 2017 223 2094 qui
248 2036 312 2076 rem
340 2018 431 2078 alicui
457 2018 581 2078 fiduciae
609 2035 699 2078 cause
724 2017 871 2092 mancipio
899 2016 1015 2076 dederit
1037 2018 1087 2076 vel

69 2109 101 2169 in
130 2110 198 2167 iure
226 2107 361 2184 cesserit,
389 2108 415 2167 si
443 2109 568 2167 eandem
593 2107 658 2184 ipse
685 2107 864 2183 possederit,
891 2109 991 2182 potest
1015 2124 1085 2165 usn·

70 2215 191 2276 capere,
210 2213 287 2256 anno
307 2196 430 2274 scilicet,
448 2189 582 2276 <etiam>
600 2197 657 2257 soli
672 2199 696 2256 si
711 2197 758 2257 sit.
796 2214 872 2274 quae
887 2197 999 2272 species
1014 2213 1084 2255 usu-

68 2285 206 2364 capionis
216 2285 326 2345 dicitur
335 2286 533 2363 usureceptio,
543 2286 613 2363 qnia
621 2286 652 2344 id
662 2286 741 2362 quod
750 2285 909 2362 aliquando
917 2284 1087 2362 habuimus,

68 2375 233 2451 recipimus
246 2393 301 2449 per
313 2376 532 2452 usucapionem.
566 2375 617 2435 sed
632 2374 740 2434 fiducia
753 2373 938 2434 contrahitur
952 2375 1005 2432 aut
1018 2392 1086 2432 cum

70 2463 223 2524 creditore
241 2463 375 2540 pignoris
393 2465 467 2536 iure,
490 2466 544 2522 aut
561 2482 628 2522 cum
647 2463 751 2539 amico,
773 2481 832 2537 quo
851 2461 946 2520 tutius
964 2463 1086 2520 nostrae

68 2572 122 2612 res
147 2553 225 2628 apud
249 2570 319 2613 eum
341 2554 409 2612 sint.
453 2553 484 2611 et
507 2550 652 2626 siqnidem
673 2569 740 2610 cum
759 2551 853 2609 amico
873 2551 1027 2609 contracta
1044 2549 1086 2610 sit

68 2640 196 2718 fiducia,
229 2659 299 2700 sene
327 2641 408 2702 omni
434 2641 522 2700 modo
550 2639 683 2716 conpetit
710 2638 927 2713 ususrecepti03
961 2638 987 2696 si
1014 2655 1085 2696 vero

69 2751 143 2791 cum
162 2729 317 2805 creditore,
339 2731 438 2790 soluta
456 2728 577 2806 quidem
594 2727 721 2804 pecunie
739 2726 820 2787 omni
837 2725 925 2786 modo
944 2724 1087 2802 conpetit,

65 2819 206 2880 nondum
234 2838 305 2880 vere
334 2819 433 2880 soluta
460 2818 503 2878 ita
531 2818 650 2878 demum
677 2815 820 2895 conpetit,
849 2815 874 2874 si
900 2833 996 2890 neque
1019 2831 1086 2872 con-

67 2908 193 2968 duxerit
216 2927 281 2966 eam
299 2927 362 2968 rem
381 2927 399 2967 a
417 2907 563 2968 creditore
581 2906 707 2982 debitor,
730 2924 826 2981 neque
843 2904 976 2981 precario
994 2920 1082 2978 roga-

67 2999 165 3075 verit,
193 2999 230 3055 ut
257 3016 324 3056 eam
350 3015 413 3056 rem
440 2995 592 3071 possidere
619 2995 736 3070 liceret3
762 3013 821 3070 quo
844 3012 915 3052 casu
937 2990 1087 3050 lucrativa

68 3086 220 3163 usucapio
247 3085 387 3162 conpetit.
437 3085 510 3143 item
539 3085 565 3144 si
591 3103 654 3143 rem
683 3083 847 3158 obligatam
874 3080 932 3141 sibi
958 3081 1087 3156 populus

68 3173 246 3239 vendiderit
269 3193 393 3252 eamque
416 3173 554 3233 dominus
576 3172 750 3248 possederit,
773 3189 913 3230 concessa
935 3172 981 3229 est
1003 3187 1087 3228 usus-

66 3264 214 3339 receptio.
255 3264 307 3322 sed
330 3265 386 3346 hoc
410 3281 480 3322 casu
503 3261 657 3338 praedium
681 3260 799 3320 biennio
821 3258 1032 3360 usurecipitur,
1056 3260 1087 3316 et

66 3353 130 3414 hec
158 3354 206 3412 est
233 3353 312 3428 quod
338 3335 431 3429 vulgo
459 3349 569 3411 dicitur
597 3369 632 3409 ex
654 3350 846 3426 praediaturc
868 3348 1087 3425 possessionem

65 3440 237 3516 usnrecipi3
250 3460 320 3500 nam
335 3442 546 3519 quimercatur
555 3459 573 3499 a
582 3441 702 3518 populo,
715 3428 1085 3516 praed1atorappellatur

68 3530 140 3592 Gai.
156 3533 186 3608 2,
200 3531 340 3590 52-61,
