2512 3888
406 149 430 200 2.
458 143 643 200 Masculus
663 145 816 202 SABINUS
1050 145 1119 212 423

106 307 312 391 aestimabat,
334 329 447 392 parere
470 311 583 390 posset
606 307 785 373 condicioni
804 330 862 374 nec
881 331 930 376 nc.
971 308 1028 374 sed
1048 308 1119 375 Ser·

105 398 179 463 vius
198 396 376 479 respondit,
395 418 468 461 cum
485 397 532 461 ita
551 399 636 461 esset
655 398 810 480 scriptum
829 395 870 461 ‘si
884 398 952 464 filia
966 402 999 464 et
1014 403 1119 466 mater

105 507 178 550 mea
202 483 322 549 rivent’
346 484 448 550 altera
470 485 536 550 iam
561 490 699 570 mortua,
723 507 787 550 non
810 485 900 550 defici
920 487 1118 555 condicione.

103 574 191 639 idem
215 578 265 638 est
288 577 320 639 et
343 573 428 659 apud
452 573 636 638 Labeonem
662 574 828 658 scriptum.
874 573 1013 642 Sabinus
1037 599 1115 662 quo·

105 685 166 747 que
194 665 228 728 et
250 660 382 728 Cassius
410 663 503 748 quasi
529 662 750 747 impossibiles
775 684 830 727 eas
854 664 1057 732 condiciones
1081 668 1115 732 in

104 755 302 818 testamento
325 752 450 837 positas
473 774 532 836 pro
555 773 624 816 non
647 752 777 837 scriptis
801 774 880 818 esse.

196 876 247 942 17.
269 873 310 940 D.
323 876 376 957 28,
390 875 421 958 5,
434 877 487 958 23,
502 876 531 941 3.
545 877 576 942 4.
621 874 818 959 Pomponius
842 876 927 941 libro
945 879 1052 959 primo
1076 879 1117 944 ad

106 963 264 1031 Sabinum
288 961 338 1052 (P.
353 961 444 1052 390).
467 1001 509 1012 -
532 965 627 1031 ...si
648 966 708 1030 sub
727 965 914 1030 condicione
933 966 1004 1050 quis
1023 967 1117 1032 heres

102 1054 274 1120 institutus
298 1054 341 1118 sit
364 1058 397 1118 et
420 1075 517 1140 grave
541 1075 596 1118 aes
615 1053 757 1119 alienum
776 1054 826 1137 sit,
850 1054 934 1140 quod
955 1077 994 1118 ex
1013 1077 1117 1139 poena

102 1143 232 1224 crescit,
269 1147 303 1208 et
345 1145 482 1208 maxime
523 1143 550 1206 si
583 1143 748 1227 publicum
781 1142 926 1208 debitum
958 1145 1117 1230 imminet,

101 1255 161 1317 per
183 1234 428 1316 procuratorem
452 1231 640 1296 solvendum
665 1253 719 1296 aas
744 1231 899 1314 alienum,
923 1233 1017 1298 sicuti
1041 1255 1115 1300 eum

101 1325 217 1387 venter
245 1321 279 1383 in
308 1321 512 1404 possessione
541 1321 584 1384 sit
608 1325 665 1384 aut
687 1321 832 1406 pupillus
855 1321 948 1386 heres
971 1326 1114 1388 tutorem

100 1432 167 1475 non
190 1409 319 1473 habeat.
361 1415 394 1471 et
416 1408 489 1472 ideo
513 1410 560 1473 ait
579 1430 696 1473 causae
716 1411 936 1493 cognitionem
955 1410 1114 1478 adiectam

100 1501 236 1582 propter
273 1518 342 1580 eos,
380 1497 437 1580 qui
468 1497 536 1562 sine
568 1497 724 1562 dilatione
757 1519 890 1583 peregre
923 1504 1032 1564 essent
1062 1502 1115 1566 vel

102 1585 304 1670 aegritudine
328 1584 379 1650 vel
402 1585 585 1650 valetudine
609 1586 656 1649 ita
678 1586 920 1671 impedirentur,
944 1594 981 1652 ut
1003 1589 1039 1653 in
1061 1589 1112 1654 ius

100 1674 236 1760 produci
258 1696 324 1739 non
346 1673 488 1758 possint,
510 1695 570 1738 nec
593 1677 704 1738 tamen
728 1674 982 1741 defenderentur.

190 1794 240 1853 Ad
258 1813 346 1872 quem
364 1792 441 1852 illud
455 1785 522 1854 ‘ait'
540 1793 698 1873 pertineat,
713 1813 750 1853 an
764 1795 891 1855 fortasse
906 1796 945 1854 ad
960 1795 1113 1878 Sabinum,

99 1885 132 1945 in
150 1884 265 1944 incerto
284 1882 514 1961 relinquendum
534 1885 589 1944 est.
621 1883 787 1944 Mommsen
804 1884 906 1960 potius
922 1885 1112 1947 scribendum

98 1973 209 2035 conicit
233 1967 311 2032 ‘ideo
335 1971 435 2032 Labeo
461 1970 525 2033 ait’.

190 2091 252 2159 18.⁴
273 2091 300 2158 Ι.
317 2092 348 2176 2,
366 2090 420 2176 20,
441 2092 491 2157 36.
518 2127 557 2139 -
582 2115 707 2158 ...nec
735 2092 886 2158 heredem
908 2115 1032 2177 poenae
1055 2118 1111 2162 no·

99 2182 186 2247 mine
215 2181 298 2247 adici
324 2202 421 2264 posse
445 2179 583 2246 Sabinus
609 2182 831 2267 existimabat,
861 2183 963 2249 veluti
987 2183 1015 2248 si
1039 2185 1111 2270 quis

16 2311 20 2324 ·
98 2271 147 2336 ita
175 2270 275 2336 dieat:
306 2268 424 2334 ‘Titius
452 2269 547 2335 heres
578 2272 656 2335 esto.
703 2271 730 2335 si
755 2271 860 2336 Titius
890 2272 990 2337 filiam
1018 2296 1111 2339 suam

11 2427 14 2434 ,
99 2357 174 2425 Seio
198 2359 232 2423 in
255 2359 498 2424 matrimonium
518 2359 733 2444 collocaverit,
757 2358 848 2424 Seius
868 2383 996 2447 quoqne
1015 2362 1109 2428 heres

99 2447 198 2534 esto’3
211 2447 293 2513 nihil
309 2447 395 2511 enim
409 2447 573 2532 intererat,
583 2469 646 2532 qua
660 2448 786 2513 ratione
797 2447 902 2512 Titius
917 2455 1110 2534 coerceatur,

98 2543 211 2603 utrum
233 2535 334 2622 legati
358 2535 487 2600 datione
511 2557 553 2599 an
577 2535 739 2599 coheredis
764 2536 950 2602 adiectione.

188 2655 253 2718 Gai.
277 2659 306 2735 2,
327 2657 389 2717 243
428 2649 620 2732 ‘quamquam
651 2673 711 2714 non
746 2653 896 2714 immerito
929 2655 1110 2733 quibusdam

95 2749 218 2826 placeat
247 2763 361 2822 poenae
393 2743 513 2805 nomine
544 2743 665 2804 institui
695 2762 755 2802 non
786 2761 886 2820 posse,
922 2745 999 2803 nihil
1031 2747 1111 2805 enim

94 2837 236 2912 interest,
263 2838 369 2894 utrum
394 2835 532 2912 legatum
560 2833 631 2893 dere
659 2833 799 2893 iubeatur
825 2832 924 2909 heres,
953 2833 979 2894 si
1006 2833 1112 2895 feeerit

95 2925 214 3003 aliquid
237 2926 292 2984 aut
313 2943 374 2983 non
395 2922 510 3002 fecerit,
533 2941 571 2982 an
589 2924 712 2983 coheres
731 2923 759 2981 ei
778 2921 934 2997 adiciatur,
957 2922 1028 2998 quia
1046 2925 1110 2982 tam

93 3013 252 3076 coheredis
280 3012 447 3073 adiectione
475 3030 566 3089 quam
592 3012 686 3091 legati
709 3011 829 3071 datione
853 3011 1046 3088 conpellitur,
1073 3016 1110 3072 ut

93 3102 213 3182 aliquid
235 3106 340 3162 contra
362 3101 551 3178 propositum
574 3119 662 3161 suum
685 3100 778 3160 faciat
801 3102 854 3160 aut
871 3119 931 3159 non
949 3093 1064 3161 faciat'.

444 3296 491 3355 Dc
508 3295 762 3355 substitutionibus.

187 3416 354 3482 ‘Interdum
381 3421 455 3481 duos
481 3419 623 3496 pluresve
653 3419 766 3496 gradus
798 3420 942 3479 heredum
972 3421 1108 3499 fecimus,

92 3513 153 3573 hoe
192 3510 291 3570 modo:
328 3510 361 3571 L.
395 3510 491 3570 Titius
522 3510 608 3569 heres
641 3511 704 3568 esto
737 3509 908 3587 cernitoque
939 3511 972 3570 in
1004 3511 1109 3611 dietus
