2568 3890
142 204 207 269 276
243 205 264 261 Ι.
287 203 443 259 AETATIS
462 202 622 259 AUGUSTI
641 203 687 258 ΕΤ
705 202 840 258 TIBERII
859 203 956 260 IURIS
976 203 1154 259 CONSULTI

495 399 539 454 Dc
556 399 618 453 iare
636 399 792 454 anulorum.

230 508 280 574 15.
306 508 445 573 Macrob.
466 507 770 592 81111111.-
793 505 827 572 si
850 507 1033 574 volentibus
1057 510 1150 575 vobis

139 599 213 681 erit,
333 599 368 662 in
400 597 539 662 medium
571 597 712 681 profero,
750 619 830 681 quae
868 598 906 662 do
942 598 1004 662 hac
1040 598 1153 663 cadem

139 708 237 752 cauce
268 687 352 771 apud
383 684 516 750 Ateium
544 685 737 770 Capitonem
768 686 926 770 pontificii
958 687 1037 751 iuris
1069 687 1154 752 incer

138 776 261 860 primos
289 776 431 860 peritum
460 775 577 860 legisse
601 774 742 840 memini.
787 774 842 859 qui
871 797 943 839 cum
966 776 1056 840 nefas
1082 798 1152 841 csse

140 864 288 943 sanciret,
311 866 444 930 deorum
463 865 584 929 formas
603 863 741 946 insculpi
761 862 876 945 anulis,
899 884 937 928 co
957 885 1057 948 usque
1077 887 1153 948 pro-

140 955 246 1033 cessit,
269 958 306 1018 ut
330 958 362 1019 et
384 975 442 1019 cur
464 953 500 1017 in
521 953 582 1018 hoc
605 952 709 1037 digito
731 952 783 1015 vol
801 953 834 1015 in
852 952 913 1017 hac
931 975 1029 1017 manu
1048 957 1153 1038 gesto·

139 1047 229 1108 retur
256 1042 386 1125 enulae,
413 1063 480 1106 non
502 1045 632 1106 taceret.
675 1041 805 1122 Veteres,
832 1041 953 1124 inquit,
974 1063 1037 1106 riom
1060 1063 1152 1106 arma-

138 1136 202 1216 tos,
233 1134 287 1197 sect
309 1131 457 1214 sipmarccii
485 1151 579 1195 caasa
606 1131 736 1194 amatam
762 1150 863 1195 secam
891 1130 1151 1212 ciracmferebamt.

137 1223 218 1286 mode
244 1241 298 1286 mec
319 1221 395 1302 pios
416 1219 524 1284 tabere
546 1239 641 1301 qaam
667 1240 766 1283 comam
794 1218 900 1283 licebat
925 1240 981 1284 mcc
1006 1221 1153 1302 cmiqoam

137 1311 202 1376 misi
225 1310 331 1392 libero,
353 1328 429 1391 qaas
450 1309 528 1373 satos
549 1309 625 1389 fides
646 1309 773 1392 deceret,
802 1328 881 1389 qaae
902 1308 1060 1390 sipmacmlo
1083 1329 1151 1374 com-

137 1400 260 1464 timetar.
307 1399 371 1463 ideo
399 1397 450 1462 ias
479 1397 645 1461 amiciorem
669 1397 785 1478 famati
806 1417 870 1461 mom
891 1396 1047 1462 habebant.
1093 1399 1151 1462 im-

134 1487 327 1570 primebatur
349 1491 452 1552 aatcm
473 1486 632 1568 scriptura
653 1486 802 1550 materiae
822 1485 922 1568 amati,
944 1506 997 1551 scm
1014 1507 1051 1552 ea
1067 1485 1152 1568 ferro

137 1597 190 1641 sca
217 1597 253 1642 ea
275 1597 353 1640 amo
374 1575 468 1658 foret,
496 1575 726 1657 apostatatur,
754 1578 788 1639 ot
809 1574 936 1658 quisque
953 1576 1053 1659 veltet,
1074 1595 1151 1658 qua·

137 1686 254 1748 comque
290 1685 400 1749 amaa,
440 1664 571 1746 quotibet
604 1664 708 1747 aipito.
767 1669 882 1746 postea,
919 1664 1039 1748 inquit,
1075 1684 1151 1729 asos

139 1755 329 1820 taaormmtis
364 1755 475 1818 aetatis
511 1754 688 1836 sipmataros
717 1753 862 1836 pretiosis
890 1754 1020 1835 pemmis
1056 1755 1153 1835 coepit

137 1843 316 1926 insculpere,
345 1848 375 1908 ct
395 1843 535 1908 certatim
556 1841 629 1907 iaec
651 1843 752 1906 ommis
775 1842 907 1906 imitatio
931 1842 1089 1926 lacessivit,
1115 1847 1152 1908 at

138 1933 174 1997 de
204 1935 365 2014 aupmcato
395 1932 506 2015 pretii,
539 1951 598 2013 qao
629 1931 805 2014 commenias
833 1931 950 2012 lapides
974 1937 1151 2016 parassent,

135 2021 353 2103 ptoriarcntar.
397 2019 469 2084 timo
488 2019 610 2100 factam
631 2024 687 2104 est,
712 2024 748 2083 at
768 2039 844 2084 asos
866 2019 1032 2084 amatoram
1055 2041 1150 2085 caem-

131 2113 208 2192 ptas
229 2109 377 2193 derterac,
399 2129 479 2190 qaae
500 2107 633 2172 mattam
655 2109 844 2190 nepotioram
863 2110 952 2193 perit,
974 2110 1009 2174 im
1033 2109 1151 2174 taccam

137 2197 333 2279 retcparetor,
361 2217 439 2279 qaae
465 2197 588 2261 otiosior
616 2201 673 2277 est,
700 2217 739 2260 me
765 2197 866 2261 crebro
895 2202 977 2261 mota
999 2203 1027 2262 ct
1049 2197 1151 2280 officio

137 2305 250 2350 mamas
286 2287 425 2350 materae
456 2286 585 2368 pretiosi
617 2286 732 2366 lapides
761 2286 991 2369 framqererctar.
1044 2288 1151 2354 eiectas

136 2379 249 2457 accam,
270 2374 386 2459 inquit,
404 2375 439 2439 im
457 2377 527 2456 ipsa
545 2373 632 2439 laeva
650 2394 747 2438 mamm
766 2376 881 2457 dipitas
899 2376 1028 2440 mimimo
1041 2377 1150 2457 proxi-

137 2483 207 2528 mos
228 2465 320 2545 qaasi
346 2465 449 2545 aptior
470 2464 587 2549 ceteris,
614 2464 664 2528 cui
689 2465 950 2529 commendaretur
972 2463 1063 2529 amati
1080 2486 1151 2547 prc-

137 2552 265 2618 tiositas.
297 2573 372 2616 mam
384 2553 498 2637 polica,
516 2554 570 2635 qai
583 2573 695 2618 mamm
708 2553 802 2637 abico,
820 2554 902 2635 qaod
908 2553 1010 2639 pollet,
1028 2555 1150 2637 accepit,

136 2662 191 2706 mcc
208 2643 243 2705 io
261 2642 393 2707 simc'stra
410 2647 508 2707 cessat
524 2662 578 2707 mec
595 2644 699 2708 mimas
716 2662 812 2724 qaam
831 2647 894 2706 tota
907 2661 1021 2707 caonas
1035 2661 1152 2723 sempor

136 2732 172 2795 im
199 2731 301 2814 officio
328 2735 377 2796 est.
424 2733 504 2796 uode
530 2735 559 2795 et
584 2732 669 2812 apmt
693 2729 827 2795 Graecos
848 2729 1009 2816 ἀντίχειρ,
1033 2730 1151 2815 inquit,

136 2825 270 2900 oocatar,
293 2821 385 2902 qaasi
406 2839 519 2884 mamas
541 2820 649 2884 attera.
689 2819 798 2900 pattici
819 2839 888 2884 cero
905 2821 1026 2885 viciam
1047 2820 1151 2885 mactus

136 2913 166 2973 et
183 2910 250 2974 siae
268 2911 394 2974 taitiome
411 2909 539 2974 aitcrias
557 2909 689 2990 appositi
707 2908 880 2985 viditatem
899 2929 974 2973 mam
987 2909 1092 2991 pcilca
1104 2909 1152 2973 ita

137 2998 269 3079 inferior
286 3002 338 3076 est,
355 3002 392 3062 at
408 2999 461 3062 oio
478 2997 613 3061 radicem
630 2997 696 3061 cias
709 2998 837 3061 socedat.
870 2998 1004 3062 mertiam
1018 3003 1047 3062 et
1058 2997 1152 3062 mimi·

138 3107 225 3152 mam
242 3087 416 3152 citaverant
431 3091 467 3151 at
482 3087 608 3170 ineptos,
625 3086 757 3150 aiteram
769 3086 990 3170 manticam,
1008 3087 1151 3152 brevitate

137 3175 279 3258 atteram,
302 3181 332 3240 et
352 3176 460 3240 eiectas
482 3179 534 3260 est,
556 3177 611 3257 poi
628 3175 667 3240 ab
684 3178 811 3256 atroque
828 3175 984 3241 ctaactitar
1000 3180 1030 3240 ct
1045 3176 1151 3241 mimus

139 3264 237 3345 officii
260 3266 341 3347 perit
362 3269 390 3328 et
411 3265 477 3330 ideo
498 3265 647 3330 servando
670 3263 764 3328 amato
787 3265 886 3347 mapis
908 3265 1151 3330 accommodatus

138 3355 190 3416 est.
235 3352 315 3416 haec
340 3355 429 3437 cunt,
452 3374 534 3438 quae
557 3353 653 3418 lectio
676 3352 873 3437 pontificalis
895 3352 1004 3418 hebet.
1042 3357 1044 3362 ’

228 3481 263 3539 cf.
287 3499 364 3556 queo
389 3480 465 3542 Gall.
483 3483 590 3559 10,10
617 3481 653 3542 dc
681 3481 808 3557 Apionis
834 3481 970 3542 doctrina
997 3482 1092 3541 tradit
1119 3485 1151 3542 et

140 3567 176 3625 D.
193 3569 310 3646 50,16‚
327 3571 377 3628 74.
414 3569 527 3629 Paulus
549 3569 626 3630 libro
650 3570 778 3630 secundo
802 3571 840 3629 od
859 3570 989 3629 edictum
1007 3570 1150 3630 aedilium
