2508 3896
377 236 402 286 2.
424 228 609 286 MASURIUS
629 229 783 286 SABINUS
1018 230 1082 298 549

78 391 293 458 vindicaveris'.
347 397 398 456 ille
430 399 602 474 respondet:
636 393 694 458 ‘ius
726 399 783 460 ieci
815 399 892 460 sicut
923 399 1085 460 vindictam

81 480 214 561 inposui'.
262 485 367 545 deinde
395 487 445 563 qui
472 488 554 564 prior
580 485 753 564 vindicavit,
782 488 866 548 dicit:
894 482 1023 564 ‘quando
1050 493 1086 548 tu

78 574 183 635 iniuria
205 575 404 651 vindicavisti,
428 576 454 634 D
478 577 554 635 aeris
578 580 763 637 sacramento
786 580 817 636 te
843 571 993 653 provoco'.
1034 579 1085 636 ad-

79 664 225 724 versarius
257 683 373 740 quoque
405 664 478 724 dicit
508 665 659 725 similiter:
692 660 735 725 ‘et
767 685 822 742 ego
854 661 907 725 te'.
948 666 1085 746 ¹denique

78 757 197 827 praetor
224 753 386 814 secundum
413 754 542 812 alterum
569 773 673 813 eorum
698 755 843 815 vindicias
870 755 955 831 dicit,
986 755 1087 815 idest

78 841 197 900 interim
233 843 363 918 aliquem
396 861 599 918 possessorem
636 843 804 920 constituit,
841 863 967 920 eumque
1003 844 1087 903 iubet

76 931 201 1005 praedes
229 929 401 991 adversario
429 931 500 990 dere
527 931 590 991 litis
619 935 650 991 et
676 933 886 1010 vindiciarum,
916 932 947 990 id
975 935 1021 991 est
1043 933 1088 992 rei

80 1021 110 1078 et
127 1020 288 1080 fructuum.
325 1019 399 1079 alios
420 1023 521 1078 autem
539 1021 664 1096 praedes
682 1021 747 1097 ipse
763 1024 884 1097 praetor
903 1020 940 1080 ab
958 1022 1086 1098 utroque

78 1108 185 1186 accipit
212 1108 403 1182 sacramenti,
435 1109 514 1185 quod
540 1110 571 1168 id
598 1110 631 1170 iu
656 1110 809 1186 publicum
836 1109 923 1170 cedit.
971 1110 1088 1169 festuca

77 1201 176 1256 autem
209 1200 337 1256 utuntur
371 1199 457 1273 quasi
488 1200 592 1258 hastae
624 1200 702 1276 loco,
739 1199 824 1277 signo
856 1199 984 1276 quodam
1015 1198 1088 1256 iusti

77 1285 206 1345 dominii.
258 1281 347 1345 ‘unde
379 1286 411 1344 in
445 1287 710 1348 centumviralibus
741 1288 858 1347 iudiciis
885 1288 975 1347 hasta
1001 1305 1087 1362 prae·

75 1369 208 1449 ponitur'
227 1372 290 1435 Gai.
306 1376 335 1453 4,
352 1367 416 1435 111.1
452 1395 543 1453 quam
560 1375 792 1437 vindicationem
811 1375 925 1436 Gellius
940 1378 992 1454 20,
1004 1378 1083 1453 ro,1

75 1463 128 1522 illa
156 1483 274 1543 quoque
300 1465 399 1523 aetate
422 1463 453 1522 in
476 1483 535 1524 usu
555 1464 648 1524 fuisse
672 1466 778 1525 tradit:
807 1460 855 1524 ‘ex
876 1465 941 1524 iure
965 1483 1088 1524 manum

76 1557 245 1614 consertum
272 1552 364 1612 verba
387 1554 458 1612 sunt
480 1572 516 1612 ex
540 1553 670 1630 antiquis
693 1555 873 1633 actionibus,
901 1573 991 1632 (11111,
1020 1573 1089 1612 cum

73 1642 141 1719 lege
170 1643 272 1720 agitur
296 1644 327 1701 et
353 1641 500 1701 vindiciae
526 1643 760 1721 contenduntur,
790 1643 849 1703 dici
869 1661 948 1702 nunc
971 1661 1087 1718 quoque

73 1733 155 1806 apud
177 1734 347 1808 praetorem
368 1723 484 1790 solent'.
522 1731 601 1790 idem
621 1731 743 1807 Gellius,
767 1733 846 1810 quod
865 1731 1087 1791 commentariis

13 1861 15 1872 .
71 1819 262 1880 inferendum
295 1819 490 1895 existimavit,
523 1820 554 1878 id
586 1839 617 1880 se
650 1815 699 1880 ‘ex
730 1813 950 1880 iureconsultis?
981 1822 1012 1879 et
1039 1813 1087 1879 ‘ex

71 1908 160 1968 libris
194 1900 309 1966 eorum'
341 1906 478 1966 didicisse
511 1909 554 1967 ait
588 1900 654 1990 (20,
675 1912 726 1986 10,
746 1901 790 1990 6).
844 1910 876 1968 in
907 1911 954 1968 his
986 1912 1089 1968 autem

70 1996 147 2058 iuris
185 1996 330 2057 consultis
362 1994 506 2056 Sabinum
541 1997 612 2057 licet
647 2017 818 2075 numerare,
856 1998 966 2074 quippe
998 2018 1088 2075 quem

72 2085 191 2146 Gellius
214 2085 387 2162 frequenter
409 2090 628 2148 commemoret.

131 2283 181 2341 De
203 2282 319 2340 iudiciis
342 2282 474 2355 leodimus
497 2287 523 2342 et
544 2285 582 2342 its
605 2301 678 2356 quac
700 2286 819 2359 imperio
843 2288 1030 2345 conticentur.

162 2399 282 2464 ‘Omnia
300 2449 330 2464 ..
347 2404 457 2464 iudicia
475 2409 529 2465 aut
546 2407 682 2483 legitimo
700 2409 766 2467 iure
785 2409 952 2468 consistunt
966 2411 1019 2467 aut
1031 2408 1086 2466 im-

68 2494 158 2570 perio
177 2494 374 2553 continentur.
406 2494 543 2571 legitima
559 2498 631 2554 sunt
644 2495 755 2555 iudicia
769 2515 845 2572 quae
859 2497 890 2555 in
903 2498 978 2556 urbe
992 2499 1087 2555 Roma

68 2583 122 2643 vel
141 2583 224 2643 intra
240 2583 370 2658 primum
389 2583 474 2642 urbis
488 2582 600 2643 Romae
617 2584 780 2643 miliarium
796 2585 876 2644 inter
890 2603 992 2644 omnes
1007 2585 1087 2643 cives

65 2673 223 2732 Romanos
243 2671 298 2730 sub
316 2690 374 2730 uno
392 2671 490 2731 iudice
509 2671 708 2748 accipiuntur,
731 2692 824 2749 eaque
844 2667 903 2750 <1>
923 2674 988 2750 lege
1008 2673 1087 2731 Iulia

65 2760 243 2836 iudiciaria,
270 2760 329 2818 nisi
356 2762 389 2818 in
414 2779 492 2820 anno
520 2763 625 2820 11111
646 2761 799 2821 mensibus
821 2761 952 2821 iudicata
975 2761 1088 2820 fuerint

65 2851 213 2927 expirant
336 2849 462 2926 imperio
492 2869 563 2910 vero
591 2851 781 2910 continentur
807 2851 1030 2926 recuperatorio
1057 2853 1087 2908 11

65 2959 148 3016 quae
182 2937 238 2997 sub
267 2956 325 2998 uno
352 2938 449 2999 iudice
477 2938 665 3015 accipiuntur
692 2940 909 3001 interveniente
936 2939 1087 3015 peregrini

62 3046 203 3105 persona
220 3025 327 3086 iudicis
346 3030 400 3086 aut
418 3027 589 3104 litigatoris.
620 3029 652 3087 in
672 3029 774 3088 eadem
793 3046 883 3088 causa
898 3030 976 3103 sunt,
995 3046 1086 3104 quae·

63 3135 201 3192 cumque
230 3119 314 3174 extra
340 3116 471 3191 primum
496 3117 579 3176 urbis
602 3116 714 3176 Romae
736 3117 899 3176 miliarium
921 3121 984 3177 tam
1006 3117 1087 3176 inter

61 3207 151 3268 cives
176 3205 326 3264 Romanos
354 3224 445 3281 quam
471 3205 551 3264 inter
575 3204 750 3282 peregrinos
779 3206 972 3282 accipiuntur.
1017 3206 1086 3265 ideo

63 3299 176 3356 autem
208 3293 332 3369 imperio
365 3294 511 3353 contineri
542 3294 652 3353 iudicia
683 3295 835 3373 dicuntur,
867 3295 939 3371 quia
969 3294 1085 3354 tamdiu

62 3536 70 3548 ⁸
143 3468 160 3516 1
182 3461 259 3527 Quae
279 3464 353 3533 apud
369 3462 468 3518 Gaium
487 3464 628 3546 leguntur,
646 3463 688 3520 ita
705 3464 821 3548 mutavi,
839 3466 872 3518 ut
888 3482 940 3547 ¹pro
957 3468 1085 3547 tempore

59 3534 418 3664 ffifflfgctsolbsptffggffiz,
447 3552 498 3606 pro
530 3536 643 3592 homme
673 3536 793 3606 exemplr
820 3539 913 3605 gratia
939 3539 1087 3592 nominato
