2580 3888
419 182 460 233 10.
483 177 520 235 Μ.
544 176 716 234 docemus
740 180 867 236 NERVA
1081 179 1144 244 307

139 359 252 424 agrum
280 340 438 405 translata
465 341 585 406 coaluit
608 344 641 405 et
662 341 785 407 radices
808 343 955 428 immisit,
982 342 1089 409 Varus
1113 347 1146 409 et

140 427 250 494 Nerva
276 428 389 494 utilem
414 430 539 494 iurem
563 431 721 495 actionem
745 431 878 516 dabant3
909 453 984 496 nam
1013 433 1040 497 si
1067 454 1145 498 non-

140 518 215 582 dum
239 516 367 601 coaluit,
389 539 462 582 mea
484 539 554 584 esso
577 539 643 582 non
665 518 797 583 desinet.

230 606 279 671 17.
308 606 376 671 Gai.
396 605 492 690 2,15.
516 643 558 654 -
582 606 770 690 <Animalia
797 629 877 692 quae
901 608 984 673 collo
1008 609 1143 676 dorsone

140 694 321 775 domantur,
340 700 535 760 ...nostrae
555 695 683 780 quidem
703 696 832 760 scholae
852 698 1019 782 auctores>
1033 700 1143 764 statim

138 788 175 848 ut·
201 787 283 848 -uata
316 788 403 868 suut,
435 784 576 870 mancipi
608 806 678 850 esse
711 788 840 871 putant3
871 784 980 851 Nerva
1009 809 1085 852 vero
1113 793 1146 852 et

138 873 295 938 Proculus
315 895 450 938 ...ιιοιι
469 873 565 939 aliter
588 896 626 938 ea
649 874 789 958 mancipi
812 895 881 940 esse
899 877 1024 958 putant,
1047 897 1143 960 quam

139 962 167 1026 si
186 961 308 1027 domita
328 965 412 1046 sunt,
436 967 469 1028 et
488 963 516 1027 si
535 966 667 1048 propter
685 963 818 1028 nimiam
837 962 1001 1027 feritatem
1021 963 1144 1028 domari

136 1073 202 1116 non
229 1054 380 1136 possunt,
407 1055 484 1116 tunc
512 1052 613 1116 videri
636 1051 776 1135 mancipi
799 1074 868 1117 esse
891 1051 1045 1136 incipere,
1072 1074 1144 1116 cum

137 1141 177 1204 ad
201 1161 272 1204 eam
296 1143 434 1205 aetatem
458 1142 676 1226 pervenerint,
699 1163 762 1225 qua
785 1141 910 1206 domari
932 1141 1045 1205 solent.

228 1229 278 1294 18.
311 1227 350 1293 D.
372 1229 425 1312 41,
441 1228 474 1311 .1‚
494 1230 523 1312 7,
542 1230 571 1295 7.
621 1228 721 1294 Gaius
753 1229 837 1296 libro
870 1230 1009 1295 secundo
1037 1251 1144 1295 rerum

138 1316 387 1382 cottidianarum
416 1317 484 1381 sive
512 1339 680 1383 aureorum
699 1316 748 1405 (P.
772 1315 877 1408 491‘1).
904 1355 941 1368 -
968 1317 1049 1384 (lum
1073 1319 1144 1404 quis

1 1409 6 1432 ³
138 1427 177 1469 ex
196 1405 302 1470 aliena
320 1405 456 1470 materia
475 1407 612 1489 speciem
636 1407 777 1490 aliquam
797 1428 856 1472 suo
875 1408 1005 1472 nomine
1024 1407 1144 1488 fecerit,

138 1491 248 1558 Nerva
280 1497 313 1558 et
343 1492 496 1558 Proculus
529 1497 645 1578 putant
674 1495 759 1560 hunc
792 1496 956 1562 dominum
989 1516 1058 1562 esse
1092 1497 1146 1580 qui

137 1581 265 1666 fecerit,
288 1583 364 1666 quia
387 1582 472 1666 quod
496 1581 617 1647 factum
641 1586 698 1662 est,
722 1587 817 1649 antea
839 1585 958 1650 nullius
980 1584 1095 1650 fuerat.

226 1693 261 1754 cf.
281 1692 344 1754 Gai.
366 1696 394 1771 2,
410 1696 459 1753 79.

473 1851 626 1914 Communi
647 1855 812 1915 dividundo.

230 1973 279 2038 19.
307 1971 346 2038 D.
368 1974 418 2059 10,
433 1979 462 2055 3,
476 1974 506 2055 6,
521 1974 550 2040 3.
598 1971 758 2058 Ulpianus
789 1973 872 2040 libro
905 1996 989 2039 nouo
1022 1974 1142 2041 decimo

21 2120 24 2125 .
137 2061 177 2125 ad
202 2061 340 2127 edictum
365 2059 414 2151 (P.
433 2059 536 2149 63912).
559 2100 596 2108 -
617 2060 651 2128 Si
674 2063 749 2148 quid
773 2069 848 2148 post
871 2068 1035 2148 acceptum
1059 2085 1143 2130 com-

137 2150 227 2214 muni
252 2150 425 2217 dividundo
449 2152 601 2218 iudicium
624 2152 722 2218 fuerit
744 2153 938 2238 impensum,
964 2150 1142 2220 Nerva

140 2237 309 2304 existimat
331 2241 427 2306 etiam
452 2241 513 2306 hoc
536 2241 644 2306 venire
668 2239 726 2328 (sc.
749 2243 783 2307 in
805 2240 980 2328 iudicium).

493 2443 540 2501 Dc
561 2443 646 2502 rebus
669 2443 789 2502 creditis.

225 2559 276 2624 20.
309 2557 348 2623 D.
374 2560 423 2638 12,
445 2561 472 2643 1,
493 2561 531 2624 11
548 2581 595 2642 pr.
649 2558 738 2623 Idem
770 2557 827 2645 (sc.
852 2558 1027 2647 Ulpianus)
1059 2560 1141 2626 libro

138 2646 314 2714 vicensimo
338 2652 428 2712 sexto
453 2648 491 2712 ad
516 2647 653 2712 edictum
674 2645 722 2730 (P.
742 2643 846 2734 asab).
865 2683 902 2693 —
923 2647 1060 2733 Rogasti
1083 2672 1144 2731 me,

136 2741 174 2802 ut
205 2736 266 2801 tibi
297 2737 464 2820 pecuniam
494 2735 668 2820 crederem3
701 2757 760 2822 ego
790 2757 862 2804 oum
890 2757 956 2800 non
982 2736 1143 2820 haberem,

135 2827 263 2891 lancem
287 2825 346 2890 tibi
373 2824 445 2890 dedi
472 2826 523 2891 vel
550 2847 690 2891 massam
719 2827 802 2910 auri,
829 2828 867 2890 ut
894 2846 965 2891 eam
991 2826 1142 2890 venderes

136 2918 170 2979 et
191 2915 333 2980 nummis
352 2915 494 2980 utereris.
533 2915 560 2980 si
579 2915 768 3000 vendideris,
790 2919 869 3000 puto
888 2918 1032 2980 mutuam
1051 2934 1143 2997 pecu-

136 3005 224 3068 niam
252 3003 381 3070 factam.
426 3005 511 3089 quod
540 3005 567 3069 si
594 3005 717 3070 lancem
745 3004 797 3070 vel
824 3026 966 3070 massam
994 3003 1062 3068 sine
1087 3005 1143 3066 tua

137 3093 233 3177 culpa
255 3092 430 3177 perdideris
453 3093 543 3176 prius
567 3113 663 3177 quam
687 3092 846 3174 venderes,
869 3096 977 3157 utrum
1001 3091 1079 3156 mihi
1101 3113 1143 3155 an

135 3181 197 3246 tibi
215 3181 357 3266 perierit,
375 3182 572 3266 quaestionis
591 3186 647 3246 est.
685 3181 765 3246 mihi
784 3182 912 3247 videtur
931 3180 1058 3246 Nervae
1079 3179 1143 3244 dis·

135 3271 247 3335 tinctio
272 3271 439 3336 verissima
463 3269 678 3335 existimantis
700 3270 838 3334 multum
857 3270 1022 3349 interesse,
1046 3291 1141 3334 vena-

135 3357 199 3422 lem
230 3358 330 3424 habui
356 3358 440 3423 hanc
462 3358 586 3423 lancem
612 3357 665 3423 vel
697 3379 838 3422 massam
865 3380 923 3424 nec
950 3380 1002 3443 ne,
1035 3362 1085 3443 ut,
1114 3357 1143 3422 si

133 3448 279 3512 venalem
311 3447 423 3525 habui,
451 3447 530 3512 mihi
561 3445 705 3532 perierit,
732 3446 1000 3531 quemadmodum
1028 3449 1056 3512 si
1084 3448 1141 3512 alii

1 3602 4 3612 y
135 3533 292 3600 dedissem
315 3534 526 3621 vendendam;
548 3534 662 3620 quodsi
684 3557 749 3601 non
771 3535 834 3602 fuit
855 3541 1059 3622 propositum
1078 3537 1141 3602 hoc

878 3650 932 3700 20*
