2508 3896
303 187 307 191 ,
343 193 348 204 .
388 158 412 209 2.
435 152 620 210 MASURIUS
643 153 796 210 SABINUS
1029 157 1093 221 567

87 344 117 400 p.
137 324 178 382 83
190 314 275 401 sqq.)
329 340 426 397 neque
457 324 525 397 post
557 321 700 381 Sabinum
732 323 867 402 deerunt,
899 324 952 400 qui
984 324 1096 385 similes

87 412 180 471 libros
204 410 334 488 ederent,
356 410 436 469 inter
458 428 532 486 qnos
552 409 645 470 Gaius
665 414 867 472 numerandus
886 417 940 472 est.
977 412 1097 489 scripsit

87 500 167 559 enim
181 499 326 558 Antonini
339 499 395 575 Pii,
414 501 448 558 ut
466 498 594 576 videtur,
613 503 712 559 aetate
731 493 781 559 ‘ud
800 501 931 560 edietum
949 503 1095 578 praetoris

87 581 206 648 urbani’
229 588 331 665 libros,
360 586 411 664 qui
434 588 466 646 in
488 587 648 648 Iustiniani
671 589 804 667 Digestis
828 591 877 649 vol
898 591 954 649 hoo
976 591 1096 651 nomine

86 679 136 738 vel
154 671 205 736 ‘ed
224 677 355 737 edietum
367 670 525 753 praetoris’
541 677 589 737 vel
603 671 653 736 ‘ad
667 677 800 738 edietum
812 673 961 738 urbicum'
976 681 1095 757 saepius

87 767 261 826 efferuntur.

98 901 100 912 .
176 854 327 914 Praetoris
357 854 467 914 urbani
498 857 529 914 et
560 854 708 930 praetoris
739 855 891 934 peregrini
918 856 1015 916 edicte
1046 859 1096 918 vel

88 943 157 1004 Gaii
175 946 274 1003 aetate
293 943 412 1005 diverse
429 943 522 1004 fuisse
541 943 605 1018 ipse
623 943 735 1003 dIserts
748 945 856 1021 tredit3
874 945 905 1002 in
919 944 1093 1018 Instit.1‚6

86 1033 167 1093 enim
189 1034 262 1092 haee
285 1034 442 1111 leguntur:
463 1025 691 1108 ‘amplissimum
714 1033 762 1093 ius
787 1034 882 1092 estin
900 1033 1005 1092 edistis
1025 1034 1096 1093 duo-

85 1141 155 1180 rum
168 1124 351 1197 preetorum,
369 1121 477 1180 urbeni
494 1125 524 1180 et
538 1115 710 1197 peregrini.
738 1141 774 1180 ex
788 1121 961 1182 Cnaoellee
975 1123 1096 1182 demum

86 1214 188 1270 aetate
211 1210 361 1288 peregrini
383 1209 529 1285 praetoris
553 1209 683 1269 edietum
705 1210 737 1268 in
760 1228 818 1270 usu
841 1229 905 1270 esse
929 1211 1019 1270 desiit
1040 1211 1096 1271 itu-

88 1318 146 1378 que
169 1303 200 1358 et
217 1299 330 1359 Paulus
353 1302 385 1358 et
402 1297 549 1374 Ulpianus
574 1293 624 1357 ‘sd
647 1298 776 1359 edietum
798 1294 959 1380 praetoris'
976 1302 1096 1359 tanturn

86 1387 240 1464 scripsisse
270 1387 380 1446 mirum
407 1406 468 1446 non
493 1390 547 1446 est
597 1387 753 1463 Pomponii
779 1388 872 1448 libros
901 1387 939 1447 ed
966 1388 1097 1448 edictum

85 1475 242 1553 praetoris,
257 1495 331 1554 quos
341 1475 439 1536 edicto
449 1475 593 1535 eIulisno
602 1476 664 1534 iem
674 1475 838 1552 composito
849 1476 976 1553 scripsit,
987 1478 1095 1555 quibus

85 1568 116 1625 st
140 1565 254 1625 Paulus
282 1569 313 1625 et
335 1565 482 1641 Ulpianus
510 1559 599 1642 saepe
626 1565 674 1624 usi
703 1568 787 1642 sunt,
815 1564 1012 1626 Tribonienus
1035 1586 1095 1626 non

85 1653 233 1714 adhibuit.
265 1673 332 1714 oum
350 1655 496 1713 librorum
514 1672 657 1712 numerus
670 1654 766 1713 maior
779 1654 871 1714 fuerit
884 1673 974 1732 quem
988 1654 1096 1714 LXXX

85 1735 245 1824 (laudatur
275 1743 352 1802 liber
383 1742 540 1801 LXXXIII
571 1742 604 1805 P.
623 1745 674 1816 38,
694 1745 767 1816 5,1,
785 1745 832 1802 14.
850 1738 920 1822 27),
952 1762 1096 1819 quaerere

85 1832 167 1908 lieet,
184 1851 259 1892 num
276 1835 307 1891 et
325 1831 433 1890 urbani
447 1833 478 1890 et
496 1831 644 1910 peregrini
661 1832 809 1909 praetoris
828 1832 926 1891 edicte
944 1832 991 1891 his
1009 1833 1094 1893 libris

83 1921 268 1997 Pomponius
290 1919 469 1996 exposuerit.

178 2009 281 2068 Sebini
299 2010 391 2070 libros
410 2028 428 2068 u
446 2008 660 2084 posterioribus
679 2029 739 2070 non
756 2009 909 2085 neglectos
928 2027 992 2070 esse
1009 2011 1096 2071 facile

85 2097 269 2159 eredendum
296 2101 349 2158 est.
399 2098 479 2174 quod
508 2117 567 2158 uno
594 2100 715 2158 tentum
746 2098 835 2158 Peuli
865 2099 1032 2178 frug-mento
1060 2119 1097 2160 ox

85 2188 165 2247 libro
193 2186 245 2245 XL
277 2187 371 2262 potito
405 2179 452 2266 (Ρ.
472 2189 513 2247 57
517 2180 551 2268 2)
585 2187 687 2248 Sabini
719 2187 756 2247 ed
788 2187 919 2247 edittum
949 2190 1098 2265 praetoris

84 2276 195 2336 urbeni
231 2275 308 2335 liber
344 2277 496 2350 laudetur,
533 2295 570 2336 ne
602 2277 729 2351 oonieies
760 2296 820 2337 non
848 2278 965 2354 saepius
993 2297 1096 2338 nume·

83 2385 155 2424 rum
181 2364 331 2424 adiectum
358 2365 464 2424 fuisse:
496 2366 601 2425 esteris
628 2365 760 2424 numeris
788 2365 894 2425 deletis
922 2366 1096 2427 Tribonisni

176 2540 251 2600 Cum
282 2542 313 2600 in
340 2542 535 2619 Digestorum
567 2560 682 2616 quoque
714 2541 800 2600 libris
828 2543 875 2600 ius
902 2543 1097 2602 honorarium

83 2632 250 2691 tractatum
276 2630 370 2692 fuisse
397 2632 525 2706 constet,
555 2630 592 2689 de
616 2629 695 2688 Celsi
722 2634 753 2688 et
775 2628 885 2688 Iuliani
907 2634 942 2697 et,
960 2630 1097 2692 Marcelli

85 2723 117 2779 et
147 2718 306 2780 Scaevolae
333 2720 466 2795 Digestis
493 2719 654 2780 videndum
686 2719 745 2794 est,
777 2721 925 2795 quatenus
952 2719 984 2777 in
1010 2720 1096 2780 libris

83 2809 146 2868 iuri
174 2809 332 2869 honorante
359 2808 516 2868 destinetis
540 2807 642 2868 Sebini
669 2806 780 2867 mentio
807 2806 888 2866 fests
912 2808 958 2868 sit.
1006 2811 1096 2885 etque

84 2897 117 2958 in
150 2897 196 2956 his
229 2897 315 2956 libris
348 2916 416 2956 eum
451 2898 576 2956 laudent
608 2895 712 2956 Celsus
749 2887 795 2976 (P.
821 2898 870 2957 12.
894 2897 945 2956 31.
970 2898 1021 2956 46.
1047 2901 1097 2958 76.

87 2988 429 3047 122.141.149.152.
451 2988 535 3046 164⁸.
558 2981 670 3064 1981),
702 2985 836 3054 Iulianus
865 2979 910 3063 (P.
931 2988 1003 3046 236.
1024 2988 1096 3046 253.

85 3076 162 3243 508.
177 3077 249 3244 530.
274 3075 311 3134 of.
336 3077 407 3134 243.
423 3077 496 3134 418.
512 3075 584 3134 469.
601 3066 689 3135 539¹).
705 3067 793 3135 5961.
809 3066 915 3154 607⁸),
938 3075 1098 3135 Marcellus

177 3251 279 3312 Sebini
305 3271 373 3312 eum
394 3251 541 3311 Labeonis
569 3251 701 3311 eiusdem
729 3252 898 3328 argumenti
925 3252 1010 3311 libris
1038 3271 1098 3312 non

85 3339 158 3400 linet
180 3360 366 3418 comperere3
390 3341 465 3400 illud
487 3342 604 3399 tentum
629 3343 760 3417 constat,
783 3341 879 3416 primo
902 3339 978 3400 libro
1000 3340 1096 3400 Labe·

86 3447 173 3489 onem
196 3429 233 3490 do
256 3430 446 3507 negotiorum
467 3429 635 3506 generibus,
658 3431 762 3506 quinto
782 3428 925 3488 Sabinum
948 3429 984 3489 de
1006 3430 1098 3490 liber-

85 3520 188 3576 torum
211 3521 309 3596 operis
332 3519 448 3579 dixisse.

1127 3651 1211 3679 A*
