2508 3896
144 135 211 202 498
254 136 290 190 II.
319 133 386 190 ΤΙΒ.
407 133 484 188 GAII
507 131 1030 190 anUD.NERON.TnMP.mR1s
1053 131 1149 188 CONS.

146 305 266 368 virilem
279 321 383 362 sexum
396 302 573 380 eognatione
587 302 717 378 iunctus,
730 302 815 363 velut
823 304 910 378 pater
919 319 993 362 arus
1001 304 1150 378 paternus.
1224 283 1226 292 ’

147 393 218 454 dare
240 392 416 468 promittere
439 390 539 451 dotem
565 410 666 451 omnes
689 383 835 467 possunt?
870 389 940 467 Ulp.
957 392 1073 464 6,1.2.
1116 390 1151 452 of.

146 483 183 542 de
206 479 365 542 verborum
387 479 622 560 obligationibus
644 479 724 540 infra
745 500 774 556 p.
790 481 863 541 529.

514 641 561 700 De
583 641 657 700 dolis
678 641 784 714 fronto.

233 748 252 817 ἶ
268 804 275 818 ,
294 755 394 816 dotale
411 755 568 831 praedium
587 754 712 815 mantus
731 754 828 816 invita
845 755 971 814 muliere
986 773 1041 832 per
1054 755 1151 832 legem

146 843 257 904 Iuliam
278 844 455 921 prohibetur
477 844 615 923 alienare,
638 845 775 921 quamvis
797 843 892 920 ipsius
915 843 956 904 eit
975 844 1024 903 vel
1043 843 1154 902 manai-

143 937 251 1011 patum
278 933 306 993 ei
333 933 412 994 dotia
435 951 525 993 oausa
546 934 594 993 vel
617 933 650 991 in
670 932 736 991 iure
758 950 874 993 oessum
895 934 944 992 vel
966 934 1153 1008 usucaptum.

145 1022 225 1100 quod
243 1022 363 1100 quidem
380 1022 428 1081 ius
447 1025 550 1081 utrum
569 1022 606 1080 ad
619 1020 727 1080 Italioa
742 1023 862 1082 tantum
873 1020 998 1097 praedia
1012 1040 1051 1082 an
1065 1020 1154 1080 etiam

143 1111 183 1172 ad
204 1110 401 1189 provincialia
422 1111 584 1186 pertineat,
607 1104 784 1170 dubitatur?
819 1108 884 1170 Gai.
899 1112 928 1188 2,
944 1112 995 1170 63.

307 1272 355 1331 De
376 1271 577 1331 donationibus
598 1273 673 1330 brier
695 1271 792 1330 otram
814 1274 841 1330 et
861 1287 987 1330 oaorem

232 1385 277 1445 De
305 1385 352 1446 hia
380 1385 591 1446 donationibus
619 1385 759 1445 dixeram
786 1385 946 1445 Trebatius
974 1379 1003 1464 (I
1021 1407 1050 1463 p.
1064 1379 1154 1467 402),

143 1473 245 1534 Labeo
269 1469 356 1557 (Hp.
373 1469 461 1555 206),
483 1474 583 1534 Nerva
606 1465 650 1556 (p.
666 1466 758 1557 306);
785 1474 924 1534 inlibris
948 1475 985 1534 ad
1010 1474 1154 1535 Sabinum

145 1564 265 1639 scriptis
292 1563 395 1640 Pomp.
409 1563 428 1622 1.
443 1561 513 1622 xlv
539 1563 572 1624 P.
588 1565 776 1639 aas-eor,
802 1562 1152 1625 Paul.l.v11P.1747

147 1655 290 1730 -1753,
322 1651 391 1728 Ulp.
410 1653 429 1711 1.
448 1651 562 1712 xxxu
591 1657 622 1712 er
648 1651 778 1712 xxxm
806 1651 840 1710 P.
860 1654 1093 1732 areo-arsa,
1125 1655 1155 1712 ee

143 1742 189 1801 ita
224 1742 357 1819 quidem,
394 1744 428 1800 ut
464 1741 588 1818 Ulpiani
622 1741 699 1801 liber
734 1740 864 1800 XXXIII
898 1741 961 1801 fere
997 1744 1082 1802 totus
1118 1742 1154 1801 de

144 1829 315 1890 caracallae
339 1830 473 1890 oratione
495 1831 588 1890 fuisse
611 1831 756 1891 rideatur.

234 1913 328 1979 ‘Inter
350 1919 448 1979 virum
472 1923 503 1978 et
525 1938 649 1980 uxorem
672 1918 793 1979 donatio
811 1937 872 1978 non
889 1920 971 1980 valet
988 1917 1047 1979 uisi
1065 1919 1156 1980 certis

144 2025 181 2067 ex
198 2008 306 2081 nausis,
327 2007 359 2066 id
382 2011 428 2068 eet
445 2008 551 2068 mortis
569 2025 667 2086 eausa,
691 2006 814 2068 divortii
832 2025 930 2087 eausa,
954 2008 1033 2070 servi
1051 2027 1156 2068 mauu·

144 2096 283 2156 mittendi
305 2089 424 2172 gratia?
461 2095 530 2172 Ulp.
548 2099 576 2174 7,
592 2097 620 2155 1.

233 2195 297 2261 92?
316 2195 356 2261 D.
364 2196 416 2278 24,
426 2199 454 2281 1,
462 2195 552 2278 31‚8.
587 2195 786 2281 Pomponius
799 2197 884 2263 libro
900 2200 1155 2281 quartodecimo

128 2283 186 2349 ’ad
209 2282 366 2349 Sabinum
389 2281 440 2371 (P.
455 2283 543 2370 601).
565 2319 603 2332 -
624 2283 659 2350 si
682 2285 732 2350 vir
754 2287 847 2351 uxori
870 2309 984 2352 munus
1007 2287 1157 2354 immodi-

144 2393 217 2437 oum
254 2373 395 2437 calendis
427 2373 554 2438 Martiis
591 2379 648 2440 aut
686 2367 790 2440 natali
827 2375 878 2439 die
910 2374 1065 2461 dedisset,
1101 2377 1158 2442 do·

143 2462 304 2526 nationem
327 2482 400 2528 essa.

232 2572 360 2651 Legitur
381 2575 483 2636 hodio:
507 2569 639 2637 ‘donatio
663 2569 730 2636 est'.
771 2578 804 2635 at
826 2575 950 2637 alterius
975 2577 1157 2637 sententiam

146 2663 245 2723 afferri
268 2665 403 2740 apparet.

234 2763 299 2829 93?
321 2762 360 2829 D.
371 2764 463 2846 25,1,
475 2764 565 2847 11,1.
597 2763 754 2848 Ulpianus
774 2763 857 2829 libro
876 2764 1043 2852 trigesimo
1063 2769 1159 2832 sexto

145 2853 186 2918 ad
209 2850 365 2918 Sabinum
388 2850 437 2939 (P.
452 2851 561 2938 2808).
586 2888 628 2900 -
652 2851 866 2917 Donationem
889 2854 972 2921 inter
988 2855 1099 2920 -virum
1124 2858 1162 2920 et

145 2963 278 3095 ἓξὲξ]
312 2941 395 3007 eirea
424 2941 587 3025 impensae
615 2961 741 3024 quoque
768 2941 996 3009 inhibitam..
1020 2939 1161 3012 Sabinus

234 3141 317 3200 εΗ).
328 3143 379 3219 24,
391 3145 419 3220 1,
431 3143 481 3220 31,
492 3143 522 3201 8.
561 3140 742 3216 Pomponius
761 3142 837 3203 libro
856 3143 963 3220 quarto
983 3143 1096 3204 decimo
1117 3145 1162 3205 ad

146 3229 290 3289 Sabinum
338 3230 369 3288 P.
393 3221 472 3310 601)
504 3223 523 3288 ἵ
543 3273 578 3290 ..
605 3228 725 3290 donatio
757 3234 816 3308 est3
848 3232 901 3292 sed
933 3232 959 3293 si
990 3227 1161 3312 (fecisset)

145 3317 296 3393 impensas
335 3336 373 3377 so.
392 3310 466 3399 vir),
491 3336 564 3396 quas
586 3318 699 3381 faceret
721 3320 837 3397 mulier,
862 3340 921 3399 quo
944 3321 1099 3382 honestius
1125 3341 1162 3382 ae

144 3406 296 3482 tueretur,
320 3409 424 3466 eontra
447 3399 514 3466 est'.

235 3488 300 3553 94?
333 3488 373 3553 D.
392 3489 450 3573 24,
470 3491 502 3572 1,
521 3491 564 3556 26
574 3514 621 3576 pr.
675 3491 795 3556 Paulus
826 3492 909 3557 libro
942 3493 1080 3578 septimo
1114 3493 1164 3559 ad
