2512 3888
391 216 416 267 2.
439 208 622 266 Mnsufflus
642 209 793 266 SABINUS
1031 208 1095 272 467

177 371 243 436 49?
260 371 300 436 D.
309 373 400 457 40,4,
411 371 451 438 10
457 396 502 458 pr.
527 371 646 436 Paulus
661 371 745 436 libro
762 375 878 456 quarto
890 372 928 436 ad
940 370 1096 437 Sabinum

93 460 139 546 (P.
155 457 266 544 1690).
287 497 325 508 ·-
351 459 386 526 Si
409 462 567 546 peculium
591 461 813 546 praelegatum
838 465 887 524 est
909 465 941 525 et
960 461 1098 526 vicarius

90 551 169 615 liber
192 571 261 614 esse
285 551 391 615 iussus
415 551 459 614 sit
483 546 593 637 (esti),
616 550 751 614 liberum
777 571 848 613 eum
873 571 941 614 esse
961 553 1098 615 constat.

92 639 227 704 multum
251 640 335 704 enim
355 639 490 703 interest
508 640 593 704 inter
612 659 712 724 genus
732 642 764 702 et
784 638 934 722 speciem:
959 638 1097 722 speciem

92 728 176 792 enirn
200 727 296 791 eximi
320 728 357 791 de
381 728 641 812 generaplacet3
669 727 754 810 quod
778 727 885 791 estin
908 727 1032 810 peculio
1055 726 1098 790 le-

90 821 165 902 gato
190 821 222 880 et
245 816 366 881 vicario
390 819 598 881 manumisso.
968 821 986 858 ⁹

178 910 306 968 Paulum
341 911 397 970 hoo
433 912 498 970 loco
531 909 673 970 Sabinum
711 911 850 970 secutum
882 927 946 968 essa
978 907 1099 966 Pernico

90 998 105 1058 I
125 1001 234 1059 3841.
254 1002 272 1059 9
297 1000 457 1058 existimat.

419 1135 470 1202 De
493 1135 630 1201 libertate
650 1135 766 1201 1111111.

178 1264 224 1325 De
260 1264 399 1324 libertate
435 1266 542 1325 relicta
576 1265 714 1326 dixerunt
746 1265 868 1325 Servius
901 1255 931 1346 (Ι
958 1284 987 1340 p.
1013 1253 1099 1342 185),

89 1354 216 1413 Alienus
240 1345 281 1434 (p.
298 1345 386 1435 300),
410 1351 515 1413 Ofilius
540 1345 581 1431 (p.
597 1356 670 1414 338.
685 1346 774 1435 339),
793 1353 952 1413 Trebatius
972 1343 1014 1431 (p.
1026 1353 1099 1411 401.

91 1435 184 1520 412),
207 1441 306 1501 Labeo
331 1441 375 1519 (Il
393 1463 421 1518 p.
438 1445 488 1502 69.
505 1445 576 1502 200.
593 1435 681 1522 230).

100 1531 102 1537 ’
180 1523 199 1590 ³.
215 1577 221 1588 .
240 1530 266 1588 is
285 1530 336 1606 qui
354 1530 386 1589 in
403 1531 539 1589 fraudem
560 1531 742 1590 creditorum
760 1532 809 1590 val
831 1531 862 1589 in
885 1529 1022 1589 fraudem
1045 1547 1097 1605 pa-

90 1618 172 1678 troni
190 1619 386 1696 manumittit,
408 1614 484 1677 nihil
505 1619 577 1696 agit,
600 1619 671 1696 quia
689 1620 738 1678 lex
755 1619 844 1679 Aelia
863 1619 966 1678 Sentis
984 1616 1099 1694 inpedit

90 1699 282 1768 libertum?
328 1700 369 1766 ³..
388 1707 455 1808 lege
479 1707 565 1766 Fufia
588 1705 712 1766 Caninia
740 1711 838 1768 certus
863 1707 969 1767 modus
993 1707 1101 1765 consti·

90 1799 176 1857 tutus
205 1799 251 1856 est
277 1795 309 1854 in
337 1796 431 1856 servis
458 1798 638 1856 testamento
666 1790 932 1856 manumittendis'.
982 1794 1046 1854 Gai.
1072 1797 1099 1873 1,

91 1888 143 1946 37.
171 1888 223 1945 42.
269 1885 305 1944 cf.
332 1887 363 1961 2,
396 1886 460 1944 228
494 1879 536 1943 ‘in
568 1884 758 1944 libertatibus
782 1932 788 1944 .
809 1933 815 1945 .
840 1885 944 1944 dandis
975 1883 1101 1942 nimiam

91 1975 242 2034 licentiam
271 1974 444 2049 conpescuit
472 1974 520 2033 lex
546 1973 631 2032 Fufia
660 1968 803 2034 Caninia'.
854 1967 892 2034 ‘si
918 1976 1099 2034 testamento

91 2063 211 2140 scriptis
229 2063 261 2120 in
280 2062 381 2122 orbem
401 2063 493 2123 servis
511 2063 636 2123 libertas
655 2063 726 2122 data
745 2063 792 2140 sit,
816 2063 1006 2141 quianullus
1026 2061 1097 2121 ordo

91 2151 335 2211 manumissionis
353 2151 513 2225 invenitur,
536 2152 612 2211 nulli
630 2152 716 2211 liberi
737 2155 833 2230 erunt,
857 2153 927 2230 quia
947 2153 995 2211 lox
1013 2151 1100 2210 Fufia

91 2239 217 2300 Caninia
235 2259 312 2316 quae
330 2240 361 2299 in
379 2241 515 2300 fraudem
533 2242 597 2301 eius
616 2242 697 2301 sacta
716 2242 776 2302 sint
791 2235 952 2302 rescindit'.
990 2240 1052 2301 Gai.
1070 2242 1098 2312 1,

91 2332 144 2389 46.
196 2322 344 2389 ‘Libertas
373 2330 450 2389 sicut
478 2330 555 2404 dari,
582 2329 627 2389 ita
654 2335 684 2389 et
712 2331 804 2390 adimi
830 2334 893 2391 tam
920 2331 1100 2390 testamento

90 2435 182 2495 quam
202 2416 345 2476 codicillis
364 2418 548 2478 confirmatis
571 2421 679 2495 potest,
702 2425 738 2478 ut
760 2423 861 2478 tamon
885 2420 988 2478 eodem
1010 2417 1099 2478 modo

89 2505 255 2582 adimatur,
282 2525 341 2583 quo
370 2509 400 2566 et
428 2506 499 2565 data
526 2499 592 2567 est?
642 2505 711 2582 Ulp.
737 2509 769 2584 2,
800 2509 847 2566 12.
895 2502 959 2584 ‘qui
987 2507 1099 2565 directo

89 2597 173 2654 testa
199 2597 298 2654 mento
327 2594 403 2653 liber
430 2612 495 2653 esse
522 2595 655 2672 iubetur,
682 2595 767 2653 velut
788 2596 844 2654 hoc
867 2595 954 2653 modo
979 2593 1100 2652 Stichus

89 2701 197 2744 servus
215 2701 299 2742 meus
318 2683 394 2742 liber
413 2685 478 2741 esto
498 2728 548 2744 ...
567 2683 593 2741 is
611 2682 707 2758 ipsius
728 2681 883 2743 testatoris
906 2683 941 2741 fit
963 2683 1101 2741 libertus.

89 2791 146 2833 nac
176 2771 253 2832 alius
280 2772 361 2830 nllus
390 2771 502 2830 directo
532 2791 568 2831 ax
591 2774 770 2832 testamento
794 2771 967 2830 libertatem
988 2770 1099 2829 habere

89 2864 201 2939 potest,
221 2880 311 2939 quam
326 2860 378 2938 qui
395 2862 523 2938 utroque
542 2864 678 2938 tempore
696 2861 850 2921 testatoris
870 2879 906 2920 ex
923 2859 987 2918 iure
1003 2857 1100 2929 Quiri·

87 2951 167 3010 11111
190 2951 296 3028 fuerit,
324 2952 356 3009 et
378 2969 437 3027 quo
461 2950 572 3010 faceret
594 2954 808 3010 testamentum
833 2953 945 3026 atquo
969 2965 1100 3008 morere-

87 3034 161 3099 tnr'.
207 3038 271 3100 Gai.
297 3042 325 3118 2,
350 3041 422 3100 267.

179 3128 279 3188 Libris
303 3128 342 3187 ad
365 3127 509 3188 Sabinum
531 3126 702 3187 libertatem
724 3128 860 3186 relictam
883 3130 994 3187 tractat
1015 3125 1101 3184 Pom·

87 3215 197 3293 ponius
220 3218 297 3277 libro
321 3216 381 3276 VII
398 3217 429 3276 P.
446 3217 630 3294 518-520,
659 3215 772 3276 Paulus
794 3217 870 3276 libro
894 3215 937 3275 IV
956 3216 988 3275 P.
1006 3216 1100 3290 1690,

90 3307 188 3365 1691.
210 3305 333 3382 Ulpiani
347 3307 515 3384 fragmenta
528 3323 587 3364 non
601 3307 713 3364 extant.
736 3304 829 3364 Lenel
839 3305 860 3365 l.
871 3324 895 3365 o.
904 3325 933 3381 p.
945 3306 986 3365 53
1000 3306 1099 3364 notat:

89 3389 150 3453 ‘Ob
179 3394 275 3454 dieser
294 3441 300 3455 .
321 3439 327 3454 .
347 3441 353 3454 .
372 3394 534 3455 Absohnitt
562 3395 617 3452 aui
642 3393 769 3454 Sabinus
797 3394 993 3471 znrdckgeht,
1015 3411 1100 3470 wago

88 3483 141 3542 ich
164 3481 247 3543 nicht
269 3502 306 3541 zu
330 3482 527 3543 entsoheiden.
564 3481 613 3540 An
634 3483 697 3542 sich
715 3492 794 3542 ware
813 3501 844 3542 es
859 3484 894 3559 ja
910 3483 990 3544 wohl
1009 3482 1099 3542 denk-

87 3573 160 3647 bar,
192 3571 256 3630 dass
285 3571 413 3631 Sabinus
445 3591 493 3632 am
523 3570 662 3632 Schlusse
696 3571 747 3632 der
773 3572 990 3651 Legatanlehre
1022 3573 1100 3632 anch
1181 3600 1248 3616 ⁴-

834 3671 886 3726 30*
