2568 3890
380 177 405 228 7.
428 169 465 225 M.
482 167 670 224 ANTISTIUS
689 167 805 223 LABEO
1031 169 1095 234 211

83 330 293 400 vestimenta
307 331 469 416 interpola
492 333 561 416 quis
586 353 644 416 pro
668 333 760 397 novis
789 332 915 416 emerit,
942 332 1096 400 Trebatio

82 426 210 508 plaeere
250 424 298 486 ita
334 420 476 504 emptori
509 421 737 505 praestandum
770 421 855 506 quod
886 421 1032 506 interest,
1069 423 1097 488 si

81 515 242 598 ignorans
265 511 430 594 interpola
452 511 576 576 emerit.

171 642 209 701 ef.
234 641 252 698 I
275 661 303 716 p.
318 641 391 699 418.

355 809 398 864 De
415 825 506 864 rerum
523 809 700 864 universitate
718 809 836 864 eruditu.

175 917 252 986 135.
281 916 321 982 D.
335 918 387 998 41,
401 917 431 1000 2,
445 917 496 983 51.
543 916 710 982 Iavolenus
736 919 819 983 libro
843 917 956 1002 quinto
981 939 1019 982 ex
1042 941 1097 1002 po·

84 1009 278 1074 sterioribus
298 1005 467 1071 Labeonis.
489 1041 526 1052 -
548 1005 755 1082 Quarundam
773 1028 881 1071 rerum
899 1008 1006 1072 animo
1026 1029 1098 1092 pos-

83 1100 266 1164 sessionem
299 1095 399 1178 apisei
430 1117 489 1160 nos
522 1096 568 1159 ait
600 1095 720 1160 Labeo:
755 1096 855 1160 veluti
888 1096 915 1160 si
948 1117 1098 1162 acervum

84 1189 255 1274 lignorum
284 1204 390 1249 emero
422 1188 454 1250 et
481 1206 553 1248 eum
578 1185 725 1248 venditor
747 1184 860 1249 tollere
884 1205 934 1248 me
957 1185 1098 1271 iusserit,

84 1277 182 1340 simul
209 1276 307 1358 atque
329 1273 509 1338 custodiam
531 1273 724 1356 posuissem,
746 1273 884 1338 traditus
908 1274 988 1338 mihi
1011 1272 1096 1338 vide·

83 1371 143 1430 tur.
190 1363 277 1428 idem
301 1361 380 1426 iuris
404 1383 473 1426 esse
496 1361 573 1427 vino
592 1361 731 1443 vendito,
754 1383 826 1426 eum
845 1363 1012 1426 universae
1032 1385 1097 1426 am·

83 1455 208 1538 pharae
229 1450 298 1515 vini
317 1451 413 1514 simul
432 1455 548 1515 essent.
584 1451 637 1514 sed
653 1453 818 1536 uideamus,
840 1449 952 1535 inquit,
970 1472 1008 1515 ue
1025 1451 1097 1516 daea

82 1545 151 1626 msa
176 1541 315 1621 eorporis
337 1541 463 1603 traditio
484 1541 534 1618 sit,
556 1541 630 1620 quia
648 1539 729 1604 aiiii
746 1541 879 1621 iuterest,
896 1545 1001 1603 utrum
1019 1541 1097 1606 midi

83 1654 125 1696 au
148 1635 181 1696 et
203 1629 327 1694 cuilibet
347 1629 490 1692 iusserim
513 1629 650 1692 mistodia
674 1630 825 1692 tradatur.

411 1865 457 1922 De
479 1865 631 1922 hereditate
654 1865 777 1923 uendite.

177 1983 251 2048 136.
291 1980 329 2046 D.
352 1980 401 2067 18,
419 1982 449 2062 4,
468 1983 519 2046 24.
570 1981 676 2046 Labeo
708 1983 792 2047 libro
821 1985 935 2066 quarto
962 1983 1095 2066 posteri-

82 2097 180 2140 orum
201 2095 220 2136 a
238 2070 391 2135 Iavoleno
411 2071 668 2152 epitomatorem.
686 2109 723 2118 —
740 2071 947 2136 Hereditatem
963 2070 1097 2138 Ooruelii

79 2161 266 2236 vendidisti;
289 2161 397 2224 duride
415 2159 531 2242 Attius,
553 2161 604 2224 eui
625 2182 647 2225 a
669 2165 696 2225 te
713 2161 818 2226 herede
837 2157 996 2226 Cornelius
1015 2163 1094 2246 lepa-

80 2257 184 2334 rerat,
200 2251 389 2332 priusquam
412 2248 544 2330 lepatum
566 2249 604 2313 ab
627 2255 757 2332 emptore
773 2252 953 2333 perciperet,
976 2256 1003 2315 te
1024 2253 1096 2332 feeit

80 2342 234 2406 heredem.
270 2341 346 2402 reete
362 2342 438 2420 puto
461 2358 498 2402 err
519 2340 638 2402 vendito
662 2345 690 2402 te
711 2345 853 2403 arturum
875 2344 911 2403 ut
931 2340 987 2403 tibi
1004 2361 1094 2422 prae

79 2435 191 2511 daur,
214 2427 290 2508 quia
311 2427 377 2492 ideo
400 2447 431 2490 eo
454 2430 558 2492 miuus
579 2427 729 2492 hereditas
752 2429 886 2511 venierit,
908 2433 944 2491 ut
964 2429 999 2492 id
1016 2430 1095 2512 lepa-

79 2525 147 2584 tum
177 2520 353 2599 praestaret
381 2519 508 2600 emptor,
543 2536 596 2579 uer
627 2516 789 2598 quiequam
819 2516 953 2595 intersit,
988 2522 1095 2582 utrum

79 2609 184 2684 Attio,
207 2605 263 2686 qui
289 2609 315 2668 te
340 2603 476 2670 heredem
500 2605 618 2687 feeerit,
643 2604 776 2684 pecunia
802 2602 901 2666 debita
927 2603 970 2666 sit
991 2607 1094 2692 aule-

98 2695 216 2762 aiario.

77 2719 98 2780 9
179 2783 252 2848 137.
285 2779 322 2846 D.
339 2782 389 2866 18,
402 2782 433 2863 4,
447 2781 477 2865 2,
494 2781 544 2847 17.
595 2779 755 2864 Ulpianus
783 2779 866 2843 libro
895 2777 1093 2862 quadragen-

80 2875 168 2940 simo
207 2891 293 2935 nono
331 2871 371 2934 ad
405 2869 569 2934 Sabinum.
605 2907 642 2916 —
678 2868 770 2945 Quod
808 2869 834 2933 si
867 2869 976 2932 funere
1007 2867 1094 2932 faeta

82 2964 183 3028 heres
211 2958 411 3024 vendidisset
438 2958 664 3043 hereditatem,
697 2980 738 3022 an
766 2959 946 3041 impensam
973 2955 1093 3022 funeris

29 3113 30 3128 ,
81 3053 122 3117 ab
148 3052 300 3134 emptore
322 3048 558 3132 consequatur?
596 3053 628 3112 et
651 3049 696 3111 ait
714 3047 822 3112 Labeo
842 3050 1016 3130 emptorem
1036 3046 1094 3110 im·

29 3133 30 3216 l
79 3161 222 3225 pensam
250 3137 369 3201 funeris
398 3141 561 3222 praestare
588 3137 716 3218 debere,
743 3137 819 3220 quia
842 3139 875 3199 et
899 3157 950 3220 ea,
980 3133 1094 3218 inquit,

29 3231 30 3252 ¹
80 3233 235 3315 impensa
257 3225 452 3291 hereditaria
476 3233 567 3290 esset.

174 3356 285 3416 Verbis
311 3355 537 3432 insequentibus
562 3347 657 3412 ‘ouius
681 3353 860 3412 sententiam
883 3354 913 3410 et
935 3351 1093 3412 Iavolenus

81 3451 175 3524 putat
203 3462 305 3506 veram
330 3437 402 3505 ...³
457 3445 533 3502 hano
563 3442 740 3502 sententiam
773 3461 809 3500 ex
835 3441 981 3500 Labeonis
1008 3441 1093 3501 libris

82 3534 303 3613 posterioribus
327 3533 452 3607 petitam
476 3549 539 3590 esse
562 3531 683 3606 probari
704 3530 832 3591 videtur.

829 3629 882 3680 14*
