2568 3890
443 201 466 249 8.
493 194 521 248 C.
541 193 671 250 numus
690 194 820 249 ΟΔΡΙΤΟ
1070 194 1136 259 265

127 364 225 424 altero
243 362 359 422 confert
378 356 411 444 (ἐ
427 354 493 444 47),
516 363 589 422 haec
608 363 665 421 ait:
689 355 732 421 ‘hi
751 362 810 422 duo
829 363 958 438 primum
977 362 1073 423 veluti
1092 363 1135 422 di·

127 471 229 513 versas
254 454 349 511 sectas
372 453 520 528 fecerunt3
542 471 611 510 narn
630 450 738 510 Ateius
761 451 792 509 in
815 452 862 510 his
884 470 959 527 quae
979 453 1006 510 ei
1023 452 1137 512 tradita

127 541 257 616 fuerant,
276 539 496 618 perseverabat,
511 539 610 599 Labeo
682 541 814 615 plurima
826 540 968 600 innovare
983 534 1137 602 instituit'.

128 630 200 707 quid
228 629 280 688 illc
307 630 339 687 in
368 629 500 704 epistula
528 629 564 688 de
592 629 711 704 ingenio
740 627 887 687 Labeonis
915 631 983 703 post
1009 634 1137 689 mortem

130 720 194 778 eius
218 717 405 793 iudicaverit,
429 737 520 793 supra
537 739 566 793 p.
583 719 622 777 11
641 718 771 776 relatum
791 720 845 778 est.
883 717 996 776 Schanz
1016 712 1137 798 (Philol.

127 808 186 868 vol.
209 809 251 866 42
271 827 300 882 p.
316 797 394 887 316)
423 804 598 882 Capitonem
632 805 664 864 in
691 805 877 865 anomalistis
904 811 1054 881 numeret,
1086 806 1138 866 sed

128 915 188 955 non
215 896 276 954 alia
303 895 419 955 ratione
446 895 506 954 nisi
532 914 592 972 qua
619 895 788 964 Labeonem
816 895 1016 972 analogistam
1043 895 1137 954 fnisse

128 985 242 1044 iudicat
270 975 311 1065 (v.
335 981 559 1060 euprepio).
609 979 711 1042 ‘Trtfe
744 983 806 1042 dies
838 983 890 1042 fllr
915 982 1015 1042 Labeo
1045 983 1139 1043 selbst

130 1093 181 1150 zu,
204 1091 236 1133 so
260 1076 389 1133 wltssten
412 1074 468 1132 wir
489 1073 565 1133 doch
587 1072 664 1133 noch
687 1072 779 1148 nicht,
801 1071 857 1131 wie
881 1070 988 1147 Cupito
1011 1065 1137 1131 dachte'.

129 1161 252 1222 Pernice
275 1161 396 1238 Encycl.
417 1164 479 1223 151
504 1182 533 1220 6.
551 1165 579 1221 3.
616 1161 653 1220 61.
676 1161 764 1220 Joers
782 1161 801 1220 l.
821 1179 846 1220 c.
863 1182 892 1237 p.
909 1163 1002 1221 1909.

220 1250 298 1321 Quid
321 1250 427 1325 Capito
454 1251 485 1308 in
508 1251 575 1309 iure
597 1251 715 1325 privato
738 1249 933 1325 praestiterit,
957 1268 1139 1327 quamquam

131 1338 247 1400 Gellius
273 1343 323 1416 10,
338 1341 423 1414 20,2
453 1359 519 1398 eum
548 1333 674 1415 ‘publici
701 1339 871 1416 privatique
898 1338 972 1397 iuris
995 1338 1139 1413 peritissi-

129 1423 224 1488 mum'
251 1428 419 1506 praedicat,
445 1428 607 1504 nescimus3
634 1447 671 1486 ne
699 1427 730 1486 id
758 1427 874 1502 quidem
904 1430 957 1486 aut
980 1427 1139 1486 memoriae

130 1517 284 1595 proditum
306 1522 353 1576 est
376 1522 429 1576 aut
452 1517 621 1577 coniectura
643 1514 792 1591 probabili
816 1516 910 1575 statui
932 1518 1043 1592 potest,
1068 1535 1140 1575 num

132 1605 250 1666 omnino
275 1606 310 1664 de
334 1623 368 1666 eo
392 1606 457 1664 iure
480 1605 643 1681 scripserit.
685 1624 782 1681 neque
805 1605 901 1683 magis
921 1607 1046 1680 constat,
1068 1623 1140 1663 num

132 1694 356 1770 disciplinarum
387 1695 509 1754 illarum
542 1693 687 1772 originem
720 1713 738 1752 6
767 1694 904 1753 Labeone
936 1697 967 1752 et
995 1692 1139 1769 Capitone

132 1783 306 1844 ducentium
328 1783 481 1843 dissensus
505 1783 543 1842 ad
562 1783 609 1842 ius
627 1782 763 1858 inprimis
781 1783 933 1859 privatum
952 1782 1140 1859 pertinuerit.

133 1869 220 1934 cuius
251 1871 404 1932 dissensus
431 1871 660 1932 fundamentum
688 1889 722 1930 ec
749 1871 931 1948 principium
960 1871 1017 1930 etsi
1044 1871 1141 1930 adhuc

132 1963 263 2023 nondum
283 1962 437 2040 cognitum
456 1965 511 2037 est,
532 1960 607 2020 illud
626 1964 728 2020 tamen
746 1963 879 2037 apparet,
899 1959 1074 2036 Capitonem
1093 1960 1140 2019 ius

132 2050 287 2128 publicum
301 2069 417 2109 summo
431 2049 532 2110 studio
547 2050 674 2110 coluisse
689 2054 720 2108 et
733 2050 765 2108 in
778 2049 964 2109 restituenda
977 2068 1009 2108 re
1022 2049 1142 2125 publica

134 2137 292 2200 Octaviani
315 2139 447 2217 Augusti
470 2139 635 2199 adiutorem
658 2139 752 2198 fuisse
775 2138 976 2199 utilissimum.

221 2228 258 2288 In
293 2228 379 2287 libris
419 2246 492 2304 quos
529 2227 710 2304 composuit,
746 2226 868 2287 Catonis
905 2230 936 2286 et
970 2224 1142 2304 Originibus

133 2309 278 2398 (Macrob.
298 2316 359 2376 Sat.
378 2318 427 2394 14,
444 2320 472 2394 1,
488 2310 522 2396 5)
545 2320 576 2376 61
599 2316 674 2376 iuris
693 2316 789 2376 civilis
808 2315 1028 2376 commentariis
1048 2309 1141 2397 (Fest.

132 2427 160 2483 p.
178 2399 265 2467 154b.
291 2407 368 2466 157⁸
395 2406 431 2465 ci.
455 2404 516 2480 Ip.
533 2400 602 2482 20),
634 2405 780 2464 Varronis
815 2404 977 2479 epistoliois
1010 2406 1141 2481 quaesti-

134 2495 240 2556 onibus
263 2489 353 2575 (Cell.
370 2497 420 2565 14,
436 2495 465 2569 8,
481 2488 524 2572 2),
548 2493 666 2552 Tironis
687 2493 788 2566 Tullii,
811 2491 850 2550 Μ.
870 2491 1018 2552 Ciceronis
1042 2494 1144 2552 liberti

150 2583 225 2644 Gell.
249 2586 280 2658 4,
305 2586 355 2654 10,
378 2577 426 2661 6),
463 2582 628 2641 Tuberonis
665 2581 701 2639 de
738 2580 834 2640 officio
872 2581 1022 2639 senatorio
1059 2582 1143 2641 libris

151 2672 225 2733 Cell.
242 2675 292 2750 14,
310 2675 337 2747 7,
355 2673 393 2731 13
418 2670 454 2732 cf.
473 2670 489 2729 I
506 2691 534 2746 p.
551 2663 629 2750 367)
656 2688 729 2728 6666
758 2672 812 2728 est
856 2668 1032 2746 perstrinxit
1059 2689 1142 2744 prae·

134 2767 218 2822 terea
236 2761 358 2821 Ateium
377 2759 567 2837 Philologum
586 2759 760 2818 libertinum
778 2756 905 2816 Athenis
923 2759 1026 2816 uatum
1045 2750 1143 2837 (Suet.

135 2851 171 2909 de
190 2869 315 2927 gramm.
337 2840 401 2930 10).
446 2849 477 2907 16
503 2847 678 2924 quaestione
701 2846 842 2925 augurali
865 2844 1076 2905 auctoritatem
1100 2865 1144 2905 se-

136 2943 224 3000 cutus
252 2942 297 2998 est
321 2938 352 2996 P.
377 2937 496 2998 Servilii
524 2938 648 3016 auguris
674 2930 769 3018 (Fest.
789 2957 816 3012 p.
833 2927 933 3016 351⁸).
978 2934 1145 2993 illustravit

134 3031 270 3088 veterum
298 3045 408 3103 mores,
438 3046 474 3085 ex
496 3046 540 3102 gr.
564 3026 599 3086 de
626 3045 680 3086 usu
703 3025 786 3085 anuli
809 3017 953 3107 (Macrob.
977 3025 1143 3101 sat.7,13,

138 3121 177 3177 11
188 3109 275 3199 sqq),
290 3117 396 3176 attulit
409 3115 583 3190 pontificum
599 3115 751 3174 decretum
766 3113 831 3175 Tib.
846 3112 1031 3174 Coruncanio
1045 3113 1143 3188 ponti·

135 3207 190 3265 fice
209 3205 338 3265 maximo
356 3205 544 3282 propositum
563 3199 654 3279 (0611.
665 3206 694 3278 4,
707 3206 735 3280 6,
748 3197 811 3282 10),
831 3203 982 3263 decretum
1001 3201 1143 3260 aedilium

135 3294 234 3371 plebis
258 3294 336 3353 bello
356 3294 469 3353 Punico
490 3292 586 3368 primo
605 3292 699 3350 Fabio
717 3291 821 3350 Licino
841 3294 871 3350 et
890 3290 1018 3351 Otacilio
1038 3288 1145 3350 Crasso

137 3383 310 3444 consulibus
337 3383 368 3441 in
395 3381 488 3458 Appii
516 3380 601 3441 Caeci
628 3380 721 3440 filiam
747 3378 785 3439 ob
807 3380 899 3439 verba
923 3381 987 3439 eius
1011 3380 1146 3456 improba

135 3475 168 3532 et
199 3471 334 3532 incivilia
361 3465 451 3548 (Geli.
468 3473 517 3542 10,
534 3473 563 3547 6,
579 3465 692 3547 2-4),
725 3469 878 3527 decretum
910 3466 941 3527 C.
970 3469 1083 3528 Fannio
1116 3471 1147 3527 et

136 3561 176 3620 M.
190 3560 313 3618 Valerio
331 3559 473 3618 Messalla
490 3559 662 3618 consulibus
681 3554 721 3638 (6.
738 3549 891 3636 5921162)
911 3556 947 3614 de
966 3556 1003 3616 iis
1021 3557 1146 3630 iactum,
