2512 3888
145 174 212 240 460
252 174 286 229 lI.
310 173 377 229 TIB.
402 171 475 228 ΕΔΗ
498 171 625 231 clauc.
648 172 784 231 NERON.
802 173 908 230 ΤΕΜΡ.
933 173 1027 230 IURIS
1051 175 1156 233 CONS.

150 343 324 420 posculentc
351 341 519 417 putandum
543 343 596 401 est
642 361 718 418 quac
740 341 920 418 Pomponius
943 343 979 403 de
1003 344 1162 404 esculenta

147 451 226 508 penu
246 430 392 505 exposuit,
415 449 518 490 eorum
536 429 611 488 nihil
626 433 777 492 servatum
792 434 846 491 est.
878 431 981 491 dicunt
999 435 1100 492 autem
1118 433 1159 493 de

150 521 325 596 posculento
348 522 380 578 et
396 518 577 594 Pomponius
601 519 632 577 et
649 518 762 578 Paulus
786 522 819 578 et.
834 519 990 598 Ulpianus,
1012 521 1156 581 nimirum

151 608 186 667 de
209 607 278 668 vinc
302 609 333 666 et
355 608 420 668 cleo
438 607 571 666 familiae
588 607 694 667 usibus
712 608 871 669 recondito.
913 609 950 668 de
968 608 1072 669 Sabini
1091 629 1160 670 seu·

148 696 244 756 tentia
274 697 349 756 nihil
377 696 545 756 accuratius
572 695 717 755 traditum
744 700 803 772 est,
835 696 894 757 nisi
921 698 1009 757 illud:
1033 693 1094 776 ‘ea‚
1121 700 1153 758 in

147 786 255 862 quibus
284 803 346 846 esse
379 785 523 861 solemus,
555 785 653 844 oleum
680 785 771 863 forte,
803 804 909 863 garum
938 787 1066 847 muriam
1093 788 1155 847 mal

147 877 304 952 ceteraque
338 873 385 934 his
417 867 538 932 similia’
568 873 605 932 ab
637 892 672 933 ec
699 892 809 950 penore
837 875 988 935 esculento
1017 879 1162 952 exempta·

146 981 220 1024 esse.
252 963 355 1022 Aristo
375 961 452 1022 enim
471 961 502 1020 in
520 963 600 1022 notis
619 961 657 1022 ad
671 960 815 1021 Sabinum
828 963 900 1023 baec
915 983 1030 1041 quoquc
1045 984 1159 1040 penore

145 1054 247 1131 legato
273 1051 419 1112 contineri
441 1051 557 1126 statuit,
581 1049 612 1108 id
635 1051 714 1128 quod
737 1050 883 1127 Ulpianus
906 1053 983 1112 libro
1006 1053 1093 1112 XXII
1116 1054 1154 1112 ad

146 1141 290 1200 Sabinum
313 1133 364 1220 (D.
379 1141 431 1214 33,
447 1142 474 1212 9,
490 1141 519 1217 3,
535 1130 568 1220 1)
592 1139 695 1199 tradit.
739 1139 865 1218 accedit,
893 1143 972 1216 quod
995 1145 1115 1202 acetum
1137 1160 1157 1201 a

146 1229 254 1288 Sabino
274 1246 391 1306 quoque
409 1227 514 1304 penori
532 1228 659 1287 attribui
677 1227 837 1306 significat;
861 1229 940 1306 quod
960 1230 1033 1305 quin
1050 1231 1154 1306 penori

148 1319 241 1396 cedat,
264 1318 414 1378 neminem
435 1317 576 1376 dubitare
597 1316 685 1377 dccet
706 1308 756 1398 (D.
771 1315 843 1376 ibid.
857 1315 886 1393 ἐ.
901 1311 944 1400 5).

235 1414 376 1476 Gentium
403 1432 501 1474 mores
527 1415 664 1492 ritusque
692 1433 713 1473 a
737 1414 881 1476 Romanis
906 1416 1031 1494 alienos,
1061 1417 1114 1476 sed
1135 1436 1159 1476 a

145 1504 301 1582 mancipiis
333 1504 465 1562 servatos
498 1501 536 1561 ad
568 1503 644 1563 banc
676 1521 793 1581 quoque
825 1523 889 1564 rem
920 1505 1152 1581 perturbandam

146 1594 276 1655 valuisse
309 1592 476 1666 exemplum
507 1592 628 1651 ridetur
658 1591 772 1652 docere.
827 1610 893 1652 cum
926 1593 1026 1652 Numa
1056 1594 1153 1670 pisces

145 1701 205 1741 non
228 1698 400 1759 squamosos
424 1680 480 1739 diis
504 1680 604 1741 offerri
626 1679 772 1741 vetuisset
797 1674 888 1764 (Ptin.
907 1701 935 1740 n.
955 1682 984 1741 b.
1001 1684 1051 1760 32,
1067 1685 1096 1760 2,
1112 1685 1159 1743 20

145 1770 206 1846 Ip.
229 1762 320 1852 135),
350 1788 458 1846 garum
486 1788 604 1847 quoque
632 1788 668 1828 ex
696 1768 808 1829 talibus
835 1770 967 1846 piscibus
994 1771 1154 1830 factuma

146 1860 286 1920 Romanis
314 1859 388 1918 adeo
415 1857 569 1934 repudiari
597 1857 769 1938 oportebat,
795 1860 831 1918 ut
857 1859 889 1917 in
915 1877 1026 1936 penum
1048 1859 1154 1918 referri

146 1967 205 2008 uon
236 1950 345 2025 posset.
399 1946 515 2005 Plinius
542 1967 570 2007 n.
590 1947 619 2006 h.
638 1949 689 2022 31,
705 1948 745 2007 95
782 1947 818 2007 de
849 1965 923 2025 garo
955 1947 1154 2008 castimoniali

147 2036 219 2096 dicit
248 2036 427 2094 Iudaeorum
460 2035 667 2111 superstitioni
699 2036 849 2113 sacrisque
881 2035 992 2114 dicato,
1027 2037 1108 2115 qnod
1138 2056 1161 2096 e

145 2124 278 2201 piscibus
301 2141 424 2199 squamc
448 2123 617 2182 carentibus
640 2123 703 2183 fiat.

234 2241 285 2307 38.
316 2240 397 2306 Gall.
422 2244 452 2320 4,
472 2240 500 2326 1,
519 2242 659 2307 21-23.
693 2279 736 2289 —
769 2243 929 2309 Masurius
956 2293 986 2310 ..
1016 2242 1159 2310 Sabinus-

146 2332 181 2395 in
203 2329 283 2393 iuris
306 2330 408 2394 civilis
432 2330 580 2414 secundo,
599 2333 696 2398 etiam
717 2333 802 2416 quod
821 2334 1034 2397 iumentorum
1058 2355 1160 2398 causa

147 2420 338 2502 apparatum
374 2425 473 2503 esset,
510 2420 626 2503 quibus
664 2421 811 2486 domiuus
847 2426 1004 2504 uteretur,
1040 2422 1155 2506 penori

147 2508 339 2572 attributum
363 2507 447 2574 dicit.
488 2507 577 2593 ligna
602 2531 729 2594 quoque
755 2515 788 2573 et
813 2510 920 2594 uirgas
939 2515 972 2574 et
990 2510 1159 2594 carbones,

147 2597 262 2682 quibus
291 2597 502 2662 conficeretur
528 2619 645 2681 penus,
673 2598 864 2681 quibusdam
889 2599 935 2663 ait
957 2598 1059 2663 videri
1082 2620 1152 2664 esse

148 2687 181 2750 in
208 2707 302 2770 penu.
343 2707 382 2749 ex
410 2685 606 2765 bisantem,
634 2709 715 2772 quae
738 2688 952 2770 promercalia
973 2691 1005 2751 et
1024 2687 1159 2752 usuaria

145 2775 247 2839 isdem
269 2776 303 2839 in
326 2772 420 2859 locis,
444 2797 512 2840 esse
535 2797 574 2838 ea
596 2775 666 2840 sola
688 2775 817 2859 penoris
840 2780 944 2860 putat,
966 2799 1050 2861 quae
1073 2775 1157 2840 satis

145 2864 212 2928 sint
234 2885 294 2927 usu
318 2885 434 2928 annuo.

233 2991 373 3052 Affclter:
396 2990 627 3068 instit-system
649 3011 678 3067 p.
694 2993 735 3052 33
746 3010 788 3070 sq.
833 2993 947 3054 nonde
966 2995 1077 3072 legata,
1101 2994 1158 3054 sed

146 3081 183 3141 de
209 3079 333 3140 vendita
358 3097 440 3155 penu
462 3078 605 3138 Sabinum
634 3081 766 3158 cogitare
792 3099 899 3158 parum
921 3082 1051 3142 feliciter
1073 3082 1160 3142 dicit.

234 3177 267 3247 Q.
286 3176 402 3236 Mucius
425 3175 462 3236 de
484 3176 522 3235 iis
544 3179 664 3236 tautum
688 3177 793 3239 scribit
809 3196 885 3256 quae
902 3179 1035 3239 familiae
1055 3197 1157 3258 causa,

144 3266 221 3324 nibil
257 3265 293 3325 de
330 3265 367 3324 iis
403 3283 480 3342 quae
514 3265 715 3326 iumentorum
751 3285 842 3326 causa
877 3271 1024 3344 apparata
1055 3272 1159 3329 esseut

145 3344 570 3433 (Geb.4,1,171p.74).
625 3358 657 3413 at
694 3353 798 3416 Ofilius
832 3349 874 3415 ‘et
909 3356 1054 3416 hordeum
1092 3357 1156 3418 sire

144 3440 279 3499 familiae
307 3440 370 3501 rive
393 3440 594 3501 iumentorum
617 3437 728 3520 gratia'
751 3462 860 3519 penore
883 3445 985 3522 legato
1008 3445 1157 3506 contineri

146 3527 256 3585 statuit
274 3519 304 3602 (1
318 3547 347 3602 p.
363 3521 451 3605 351),
470 3529 555 3589 cuius
574 3531 753 3589 sententiam
772 3535 923 3608 receptam
943 3553 1006 3593 esec
1025 3533 1162 3594 Sabinus
