2506 3880
170 160 232 224 158
270 161 291 215 Ι.
310 159 464 214 AETATIS
483 158 642 216 AUGUSTI
661 160 707 214 ΕΤ
727 159 863 214 TIBEDII
881 159 976 216 IURIS
996 157 1180 215 CONSULTI

581 352 688 412 Liber
710 331 763 413 m.

601 469 649 528 De
671 470 741 530 dote.

255 579 306 646 33.
329 577 369 643 D.
388 580 440 664 23,
455 579 484 661 3,
500 579 551 645 84.
601 577 708 643 Labeo
741 578 825 643 libro
853 581 943 642 sexto
967 576 1129 643 Pithanon
1159 602 1177 644 a

166 666 267 733 Paulo
295 669 553 752 epitomatorum.
584 703 621 714 -
653 665 691 734 se·
722 667 758 733 de
788 668 854 732 dote
875 667 1035 749 promissa
1061 669 1176 750 opimi,

163 777 228 822 uon
255 762 370 840 oportet
394 759 430 822 iu
458 761 609 839 quamtum
633 756 734 837 faeere
755 758 856 840 potest
880 755 1079 822 eoudemuori
1105 777 1177 822 eum

164 845 220 927 qui
235 847 391 928 promisit.

411 965 458 1024 De
480 965 656 1038 adquirendo
679 979 778 1024 rerum
800 965 933 1024 immuto.

253 1075 305 1140 34.
328 1075 368 1142 D.
386 1074 439 1153 41,
454 1075 483 1158 1,
497 1073 540 1138 65
549 1096 596 1158 pr.
646 1072 756 1139 Labeo
786 1074 869 1138 libro
897 1077 987 1138 sexto
1011 1072 1178 1140 Pithanon

164 1186 184 1228 a
218 1163 319 1229 Paulo
353 1164 613 1249 epitomatorum.
643 1198 681 1209 -
712 1160 750 1228 st
775 1163 938 1246 epistulam
969 1162 1025 1227 tibi
1055 1164 1177 1249 misere,

162 1273 226 1318 uou
248 1254 308 1318 erit
329 1273 366 1318 eo
388 1258 456 1335 tuo,
479 1255 645 1333 antequam
668 1251 723 1316 tibi
744 1253 865 1316 reddita
884 1251 989 1333 fuerit.

253 1341 305 1408 35.
328 1341 366 1408 D.
381 1341 457 1407 ibid.
472 1343 492 1421 ξ
510 1342 537 1405 1.
563 1376 601 1386 -
626 1338 664 1404 Si
687 1361 750 1422 quo
772 1340 876 1405 iusuta
898 1341 933 1404 iu
955 1339 1084 1421 flumine
1101 1362 1177 1423 pro·

156 1432 234 1513 prio
258 1436 312 1496 tuo
335 1435 390 1512 est,
412 1430 493 1495 mittit
515 1430 550 1494 im
572 1449 608 1493 eo
624 1428 744 1510 piebtiei
766 1433 816 1493 est.

252 1519 304 1585 36.
323 1517 574 1599 11101002.-
595 1516 634 1583 Si
650 1538 713 1601 pua
729 1518 836 1583 iusuto
855 1517 890 1580 iu
907 1516 1037 1597 ftumiue
1048 1517 1176 1599 pubtieo

156 1609 305 1689 proxima
327 1613 379 1672 tuo
398 1607 498 1689 fundo
520 1611 596 1671 uota
618 1612 674 1689 ast,
696 1627 733 1672 ea
755 1612 810 1670 tuo
832 1610 883 1671 est.

223 1696 303 1762 ·37.
335 1694 374 1760 D.
392 1696 469 1760 ibid.
488 1697 551 1777 53.
573 1731 618 1742 -
640 1731 747 1740 --
771 1693 917 1775 [Paulusz
948 1693 976 1758 si
1003 1693 1109 1758 insula
1136 1696 1175 1760 in

162 1784 293 1850 flumine
317 1789 394 1848 nata
415 1787 473 1849 tua
495 1784 606 1864 fuerit,
634 1783 748 1849 deinde
771 1785 856 1847 inter
879 1803 950 1846 eam
973 1782 1113 1847 insulam
1138 1788 1173 1848 et

162 1874 356 1938 contrariam
380 1873 483 1956 ripam
506 1873 571 1937 alia
594 1872 701 1937 insula
724 1875 802 1936 nata
824 1869 930 1954 fuerit,
957 1891 1108 1936 mensura
1132 1893 1174 1938 eo
1221 1879 1224 1884 '

161 1962 291 2025 nomine
316 1962 376 2025 erit
399 1961 587 2026 instruenda
608 1983 627 2024 a
645 1965 702 2025 tua
720 1958 837 2041 insula,
860 1980 925 2023 non
944 1959 985 2023 ab
1004 1963 1173 2045 egrotae,

162 2052 294 2133 propter
322 2070 417 2133 quem
445 2071 483 2113 ea
509 2049 617 2114 insula
644 2051 701 2112 tua
728 2048 815 2113 faeta
841 2047 954 2112 fuerit:
988 2070 1065 2113 nam
1093 2049 1173 2132 quid

161 2139 305 2221 intereat,
330 2137 434 2222 qualis
459 2158 536 2223 ager
560 2138 611 2221 sit,
634 2137 723 2201 ouius
742 2139 875 2220 propter
892 2136 1173 2222 propinquitatem

161 2226 322 2308 posterior
344 2227 451 2289 insula
474 2226 563 2290 auius
588 2227 631 2290 sit
654 2223 863 2309 quaeratur‘i]

250 2314 302 2380 38.
334 2314 372 2378 D.
392 2313 466 2378 ibid.
486 2318 506 2392 ξ
524 2316 554 2380 4.
599 2313 707 2380 Labeo
740 2314 822 2378 libro
853 2313 973 2379 eodem.
1004 2349 1040 2360 —
1070 2312 1174 2380 Sita

160 2404 242 2484 quod
266 2404 302 2468 iu
318 2403 441 2485 publico
468 2403 612 2468 iuuatum
638 2407 695 2468 out
714 2403 910 2486 oedifieotum
932 2406 989 2486 est,
1010 2402 1173 2484 pubiicum

160 2496 217 2571 est,
247 2493 351 2557 iusuta
381 2512 510 2575 quoque,
540 2512 619 2574 quoe
649 2493 684 2558 iu
713 2492 841 2574 ttumiue
862 2490 985 2573 publice
1013 2495 1090 2556 uota
1117 2499 1171 2573 est,

152 2580 280 2663 publiea
303 2601 365 2646 esse
387 2581 477 2646 debet

248 2670 300 2734 39.
330 2669 369 2734 D.
392 2669 582 2756 49,15‚29.
642 2668 731 2733 Idem
774 2665 911 2755 (Labeo)
953 2667 1035 2732 libro
1077 2672 1171 2736 sexto

86 2767 87 2772 ’
158 2757 320 2824 Pithanon
345 2756 483 2823 aPaulo
508 2759 766 2843 epitomatorum.
791 2791 829 2804 -
855 2754 894 2823 Si
912 2755 1102 2838 posttimiuio
1124 2778 1171 2822 re·

157 2847 243 2931 disti,
270 2846 363 2930 uibi‘t,
391 2848 465 2912 dum
492 2848 526 2911 iu
553 2845 687 2912 tostum
703 2850 851 2928 potestate
870 2844 975 2929 fuisti,
1002 2865 1171 2930 usucapere

153 2936 293 3016 potuisti.

285 3065 290 3076 ·
473 3123 476 3127 Ι
498 3045 544 3104 De
565 3047 609 3106 rei
630 3046 827 3105 uiuetieotioue.

245 3156 298 3220 40.
326 3153 364 3220 D.
388 3152 536 3238 6,1,’49.
591 3154 678 3220 Idem
715 3151 773 3242 (ao.
800 3151 922 3242 Labeo)
957 3154 1041 3219 libro
1075 3159 1169 3222 sexto

157 3243 320 3309 Pithanon
344 3265 363 3308 a
381 3241 483 3309 Paulo
506 3245 762 3328 epitomatorum.
785 3279 823 3290 -
843 3241 880 3309 Si
901 3242 1054 3308 homiuem
1076 3264 1097 3307 a
1119 3265 1171 3310 me

111 3364 113 3369 ·
150 3334 279 3413 petieris
301 3337 330 3397 et
350 3333 469 3415 ispost
489 3334 574 3398 titem
595 3337 793 3400 contestatam
815 3337 955 3398 mortuus
976 3332 1025 3410 sit,
1045 3332 1169 3414 fruetus

156 3423 258 3500 quoad
279 3423 307 3486 is
330 3421 441 3486 uiuuit
461 3423 622 3487 aestimet
644 3426 765 3504 oportet.

246 3508 300 3574 41.
322 3508 361 3573 D.
380 3509 547 3592 44,1,23.
593 3511 701 3576 Labeo
727 3510 811 3575 libro
839 3513 929 3576 sexto
952 3509 1119 3575 Pithanon
1148 3533 1170 3576 a
