2568 3890
79 159 83 169 ’
142 137 207 204 282
243 139 265 194 Ι.
283 136 439 192 AMTATIS
458 135 619 194 AUGUSTI
636 135 683 192 ΕΤ
701 136 838 195 TIBERII
856 137 952 192 luade
972 135 1153 194 CONSULTI

228 306 356 366 Mueller
372 306 473 366 locum
494 305 538 366 sio
555 305 706 366 restitnit:
728 299 930 384 <Peregrinus
953 325 1025 384 ager
1048 323 1152 366 seeun-

140 396 212 454 dum
239 390 389 474 augures>
415 395 552 472 publicos
577 397 626 455 eet
651 389 745 473 <eger
768 399 893 472 pacatus
920 398 1007 456 extra
1027 395 1152 456 Romen.

140 487 172 543 et
194 483 314 561 (labin,
342 483 397 560 qui
422 478 502 562 neu>
529 487 561 544 et
587 484 653 544 iure
677 503 826 562 augurum
848 477 888 562 <a
909 484 1067 562 peregrino
1090 483 1152 546 dis·

140 569 302 652 comitur).
347 573 385 632 ef.
404 573 605 632 Reitzenstein
621 593 650 650 p.
672 575 721 634 51.

338 802 390 862 VI.
418 803 468 862 De
491 802 618 862 officio
643 803 827 863 senatorio
850 803 954 862 liber.

227 927 383 987 Laudatur
411 946 429 986 a
456 925 532 986 Call.
556 928 691 1004 4,10‚7
731 919 849 1005 ‘Capito
876 927 986 988 Ateius
1015 927 1046 986 in
1072 927 1152 989 libro

139 1035 228 1090 quem
247 1017 283 1077 de
302 1016 399 1076 officio
414 1015 565 1076 senatorio
579 1011 765 1093 composuit'.
798 1016 931 1076 dubitari
947 1019 1056 1094 potest,
1078 1034 1153 1076 num

138 1105 188 1165 bic
206 1105 282 1165 liber
299 1125 369 1182 pare
389 1105 429 1164 sit
448 1103 722 1181 Coniectaneorum,
741 1105 793 1164 sed
811 1105 865 1182 ito,
881 1108 917 1164 ut
934 1105 1030 1184 magis
1049 1105 1152 1166 videa·

137 1196 189 1253 tur
218 1194 374 1272 proprium
407 1193 585 1269 opusculum
614 1193 715 1254 fuisse.
766 1193 1153 1270 cfiIoersl.c.p190b

139 1284 220 1360 qnod
239 1281 421 1342 Octavianus
440 1284 598 1358 Augustus
623 1285 761 1342 senatum
779 1301 798 1342 a
816 1286 902 1360 patre
921 1283 1003 1342 omni
1021 1282 1152 1344 auetori-

138 1375 202 1430 tate
230 1373 369 1431 orbatum
396 1371 427 1429 in
453 1370 613 1448 pristinam
640 1370 844 1431 condicionem
866 1372 1026 1432 restituere
1050 1371 1152 1432 stude·

138 1459 200 1538 bat,
224 1458 399 1538 Capitonem
422 1463 458 1519 ut
479 1459 560 1519 hunc
583 1459 695 1519 librum
718 1461 821 1520 ederet
838 1460 959 1520 videtur
981 1460 1151 1522 adduxisse.

228 1579 256 1643 1.
279 1577 361 1644 Gall.
374 1581 404 1654 4,
420 1579 472 1662 10,
487 1580 582 1645 1-7.
601 1615 643 1626 -
661 1577 749 1644 Ante
768 1580 883 1665 legem,
905 1601 987 1664 quae
1005 1602 1092 1646 nune
1111 1581 1151 1648 de

139 1672 252 1733 senatu
284 1668 434 1734 habendo
466 1668 667 1750 observetur,
699 1668 777 1733 ordo
805 1668 941 1754 rogandi
971 1669 1150 1734 sententias

136 1758 246 1822 varius
273 1757 346 1822 fuit.
391 1757 471 1822 alias
498 1757 622 1842 primus
649 1757 841 1842 rogabatur,
869 1757 925 1840 qui
951 1759 1100 1842 princeps
1130 1781 1151 1823 a

138 1845 325 1911 censoribus
353 1845 387 1910 in
415 1851 564 1910 senatum
586 1846 689 1911 lectus
711 1845 833 1930 fuerat,
861 1845 942 1910 alias
966 1846 1020 1930 qui
1046 1845 1151 1932 desig·

136 1935 208 1998 nati
235 1935 384 1999 consules
414 1939 520 2018 erent,
548 1933 678 2018 quidam
702 1956 719 1998 e
742 1935 929 2000 consulibus
958 1934 1064 2002 studio
1091 1940 1149 2000 eut

136 2023 377 2088 necessitudine
411 2023 519 2107 aliqua
556 2021 700 2106 adducti,
740 2045 836 2107 quem
872 2024 901 2088 is
937 2024 1043 2090 visum
1080 2027 1150 2090 erat

137 2109 270 2175 honoris
290 2111 399 2194 gratia
416 2115 507 2176 extra
526 2110 670 2178 ordinem
689 2113 881 2178 sententiam
899 2112 1039 2197 primum
1054 2133 1149 2198 roga·

136 2199 225 2264 bant
280 2199 489 2264 observatum
524 2201 635 2263 tamen
671 2204 735 2283 est,
771 2222 843 2266 cum
879 2207 970 2266 extre
1002 2202 1148 2268 ordinem

136 2286 243 2372 fieret,
269 2309 310 2352 ne
339 2289 410 2371 quis
434 2309 628 2372 quemquam
653 2309 691 2353 ex
714 2289 778 2354 alio
803 2311 899 2373 quam
923 2313 962 2356 ex
985 2290 1150 2356 consolari

136 2375 208 2442 loco
237 2377 431 2442 sententiam
459 2376 599 2461 primum
624 2381 763 2460 rogaret
809 2375 844 2444 C.
868 2377 987 2444 Caesar
1014 2379 1049 2444 in
1073 2401 1149 2446 con·

136 2465 258 2551 sulatu,
290 2476 385 2550 quem
414 2487 488 2530 cum
515 2463 558 2530 M.
582 2464 700 2532 Bibulo
732 2467 848 2551 gessit,
879 2471 1033 2553 quattuor
1060 2469 1148 2536 solos

136 2557 229 2619 extra
265 2555 411 2620 ordinem
446 2575 579 2642 rogasse
616 2556 811 2621 sententiam
844 2556 971 2622 dicitur.
1025 2579 1064 2623 ex
1095 2557 1148 2623 his

136 2646 289 2726 quattuor
306 2644 487 2728 principem
505 2644 647 2728 rogabat
659 2642 702 2709 M.
718 2641 883 2728 Crassum,
903 2645 958 2710 sed
974 2651 1148 2730 postquam

135 2731 236 2796 filiam
251 2730 308 2798 Cn.
322 2732 477 2818 Pompeio
491 2732 716 2816 desponderet,
733 2735 874 2818 primum
889 2738 1038 2818 coeperet
1050 2733 1146 2800 Pom·

136 2821 245 2903 peinm
268 2841 392 2904 rogare.
434 2823 503 2886 eius
526 2821 573 2886 rei
591 2823 752 2887 rationem
770 2823 945 2888 reddidisse
964 2845 1038 2888 eum
1057 2844 1148 2888 sena·

135 2909 185 2974 tui
208 2909 284 2975 Tiro
308 2909 448 2996 Tullius,
470 2908 513 2973 M.
538 2907 704 2974 Ciceronis
727 2911 874 2995 libertus,
902 2911 1013 2995 refert,
1036 2913 1147 2997 itaque

136 3019 170 3062 se
199 3021 238 3064 ex
264 3002 402 3084 patrono
431 3020 489 3064 suo
518 2997 648 3064 audisse
674 2999 796 3064 scribit
839 2998 874 3066 id
899 3001 1005 3084 ipsum
1028 2999 1146 3087 Capito

135 3087 250 3154 Ateius
277 3089 312 3152 in
339 3087 423 3154 libro
453 3108 549 3172 quem
576 3087 615 3152 de
638 3086 747 3156 officio
770 3089 933 3155 senatorio
955 3089 1147 3176 composuit,

135 3176 290 3262 scriptum
313 3177 454 3261 reliquit.

223 3296 284 3357 Ubi
307 3295 461 3373 Capitonis
483 3297 591 3357 relatio
614 3296 748 3376 incipiat,
770 3297 919 3358 incertum
941 3301 996 3360 est.

224 3408 255 3472 2.
287 3404 369 3472 Gall
387 3407 464 3472 ibid.
481 3409 503 3488 ἓ
521 3408 551 3474 8.
581 3444 619 3456 -
648 3406 687 3472 In
720 3407 835 3474 eodem
864 3407 948 3474 libro
976 3405 1146 3493 Capitonis

134 3494 167 3558 id
195 3515 321 3580 quoque
345 3496 588 3580 scriptumest:
612 3495 658 3583 C.,
685 3496 806 3582 inquit,
833 3494 948 3564 Caeam
969 3498 1075 3566 meat
1096 3500 1147 3566 M.
