2506 3880
386 182 409 231 7.
432 176 469 230 Μ.
486 175 679 233 ANTISTIUS
696 177 816 233 LABEO
1044 176 1105 242 ll'l

449 363 495 422 Dc
517 364 623 423 dormo
645 365 757 438 inserto.

123 441 126 447 -
183 480 259 546 119.
276 479 314 544 D.
330 482 382 567 39,
392 483 422 564 2,
432 482 463 564 9,
471 483 502 548 2.
534 479 695 566 Ulpianus
714 482 797 548 libro
816 479 1107 570 quinquagensimo

90 569 191 635 tertio
212 570 253 634 ad
273 569 412 636 edictum
426 567 475 656 (P.
490 568 615 657 1272l).
627 609 672 618 —
687 570 845 637 Alfenus.
860 619 868 636 .
882 571 1001 651 scribit,
1021 572 1050 636 si
1068 593 1108 637 ex

90 656 196 724 fundo
224 662 282 723 1110
309 663 419 724 crusta
444 659 538 745 lapsa
561 660 605 724 sit
626 660 660 725 in
683 682 790 725 meum
813 659 948 725 fundum
972 682 1108 745 eamque

90 750 200 832 petas,
233 745 372 812 dandum
399 749 434 812 in
460 751 493 814 te
519 747 674 815 iudicium
704 749 742 813 de
772 749 889 814 damno
917 748 983 814 iam
1010 749 1109 834 facto,

91 836 189 922 idque
207 834 317 901 Labeo
339 837 473 921 probat:
494 859 570 903 nam
595 836 733 904 arbitrio
755 837 880 920 iudicis,
903 837 989 922 apud
1012 859 1108 922 quem

91 946 144 990 res
175 925 348 1011 prolapsae
380 927 544 1011 petentur,
580 925 747 1011 damnum,
784 926 870 1013 quod
902 927 977 991 ante
1012 927 1109 1010 sensi,

91 1035 159 1080 non
182 1014 356 1094 contineri,
385 1036 444 1080 nec
470 1015 564 1080 aliter
587 1014 727 1082 dandam
750 1016 924 1101 actionem,
951 1036 1048 1100 quam
1072 1018 1109 1078 ut

94 1102 204 1168 omnia
226 1102 400 1188 tollantur,
424 1125 506 1189 quae
530 1108 606 1169 sunt
627 1104 791 1189 prolapsa.
1106 1187 1108 1191 ι

183 1200 256 1266 120.
284 1199 323 1265 D.
348 1201 400 1285 39,
419 1202 449 1284 2,
470 1201 521 1285 13,
539 1200 568 1268 5.
628 1200 789 1286 Ulpianus
825 1201 910 1267 libro
947 1200 1112 1286 quinqua·

93 1288 241 1375 geusimo
265 1288 362 1354 tertio
386 1289 426 1354 ad
450 1289 590 1356 edictum
610 1286 660 1376 (P.
677 1290 787 1375 1274).
806 1327 849 1338 -
867 1288 994 1356 Viciuis
1013 1336 1043 1355 ..
1062 1288 1110 1356 in·

95 1377 292 1464 quilinisque
316 1399 427 1443 eorum
451 1382 485 1443 et
506 1379 739 1463 inquilinorum
756 1380 912 1445 uxoribus
931 1376 1109 1446 cavendum

95 1487 169 1532 esse
192 1467 240 1532 ait
261 1465 386 1547 Labeo,
408 1467 487 1531 item
509 1467 561 1533 his
585 1467 640 1552 qni
663 1489 736 1534 cum
759 1467 811 1533 his
835 1468 1009 1534 morentur.

184 1564 258 1629 121.
285 1563 324 1630 D.
348 1565 400 1650 39,
419 1565 450 1647 2,
470 1564 521 1648 15,
541 1565 591 1631 10.
643 1565 804 1649 Ulpianus
835 1565 920 1630 libro
953 1565 1106 1649 quinqua·

92 1651 241 1739 gensimo
271 1653 369 1719 tertio
398 1653 438 1718 ad
467 1653 608 1719 edictum
631 1650 812 1742 (31277).
834 1689 879 1700 -
902 1651 937 1718 Si
959 1653 1107 1737 publicus
1131 1667 1133 1672 ·

91 1742 183 1807 locus
199 1741 327 1826 publice
340 1741 516 1826 reficiatur,
534 1792 587 1810 ...
605 1742 715 1809 Labeo
730 1741 845 1808 scribit
862 1790 870 1807 .
886 1789 917 1807 ..
937 1740 976 1806 de
990 1740 1108 1805 damno

91 1830 215 1896 infecto
246 1851 314 1896 non
346 1852 417 1897 asse
453 1829 644 1911 cavendum,
676 1832 705 1896 si
738 1830 816 1916 quid
847 1830 927 1896 11110
959 1829 1024 1895 loci
1052 1833 1109 1895 aut

94 1919 202 2005 operis
224 1919 296 1984 fiat:
320 1923 407 1986 certe
430 1921 536 2005 legem
556 1921 696 1986 dandam
715 1920 823 2005 operis
841 1920 950 2004 talem,
971 1916 1110 2003 nequid

92 2013 210 2075 noceat
232 2007 347 2074 vicinis
371 2009 520 2075 damnive
542 2009 645 2076 detur.

186 2105 260 2170 122.
279 2105 319 2172 D.
332 2105 407 2171 ibid.
422 2108 443 2188 ξ
460 2106 510 2172 15.
529 2143 572 2156 -—
591 2104 625 2172 Si
644 2107 754 2192 plures
774 2111 850 2172 sunt
868 2107 923 2193 qui
942 2107 1109 2192 postulent

92 2199 129 2260 111
150 2198 312 2280 caveatur,
331 2216 442 2261 omnes
460 2195 549 2261 mitti
565 2196 599 2261 in
618 2196 853 2281 possessionem
868 2196 981 2263 solent.
1011 2196 1109 2261 idern·

93 2305 156 2368 que
185 2281 293 2349 Labeo
326 2283 445 2368 probat
473 2288 506 2349 11
534 2285 561 2350 si
587 2286 677 2369 prius
705 2286 776 2371 quis
803 2287 838 2349 in
868 2285 1108 2371 possessionem

89 2373 214 2437 missus
237 2372 282 2437 sit
305 2377 338 2436 et
361 2372 443 2438 alius
465 2373 553 2438 mitti
576 2372 743 2440 desideret.

185 2469 259 2534 123.
281 2468 321 2534 Ι).
335 2470 412 2536 ibid.
427 2473 447 2551 ξ
462 2471 514 2536 24.
533 2461 576 2518 -4
597 2469 633 2536 si
655 2493 719 2556 qua
742 2472 807 2536 sint
825 2472 896 2536 iura
919 2470 1108 2556 dubitabis,

86 2558 151 2644 qui
174 2563 351 2641 potuerunt
374 2558 412 2623 de
435 2558 552 2625 damno
576 2560 697 2625 infecto
721 2559 893 2642 satisdare,
920 2559 1108 2643 deneganda
1241 2601 1247 2616 ι

15 2719 21 2727 ,
81 2646 155 2713 erit
182 2667 292 2712 eorum
319 2649 499 2732 persecutio
529 2648 682 2712 adversus
715 2668 803 2729 eum,
838 2647 894 2731 qui
921 2646 955 2711 in
980 2668 1109 2731 posses·
1232 2674 1234 2678 ·

81 2734 215 2802 sionem
240 2735 360 2801 missus
383 2741 450 2821 111,
472 2740 505 2801 11
527 2737 573 2801 ita
595 2734 704 2802 Labeo
728 2736 854 2820 probat.

183 2825 255 2889 124.
275 2823 315 2889 Ι).
329 2824 407 2890 ibid.
422 2827 443 2906 ξ
457 2826 510 2892 32.
526 2861 572 2873 -
589 2824 675 2890 Illud
694 2825 869 2910 quaeritur,
888 2844 927 2888 ex
945 2845 1010 2908 quo
1027 2825 1107 2887 tem·
1179 2823 1184 2836 '

72 2933 172 3001 pore
200 2912 310 2978 damni
332 2915 418 2979 ratio
440 2914 610 2999 habeatur,
639 2918 748 2980 utrum
776 2936 816 2978 ex
838 2935 901 2998 quo
925 2912 960 2978 in
982 2931 1108 2998 posses·

73 3001 218 3070 sionem
245 3005 379 3067 ventum
407 3006 458 3067 est
486 3025 527 3068 an
555 3025 631 3069 vero
657 3025 696 3068 ex
719 3025 782 3090 quo
806 3006 936 3087 praetor
958 2999 1109 3082 decrevit,

70 3094 132 3158 ut
168 3093 259 3155 eatur
291 3089 325 3155 in
362 3092 609 3175 possessiouem.
663 3090 788 3177 Labeo,
825 3113 865 3156 ex
902 3112 966 3175 quo
1003 3089 1108 3154 decre·

66 3184 164 3247 cum
186 3183 243 3244 ert.

184 3267 255 3333 125.
277 3266 317 3332 Ι).
331 3266 409 3334 ibid.
424 3272 444 3347 ξ
458 3270 510 3335 33.
534 3306 576 3317 -
600 3267 817 3354 Posteaquam
910 3267 982 3352 quis
1005 3264 1107 3351 possi·

65 3355 262 3425 dorcium
291 3355 426 3422 dominii
455 3380 475 3422 a
501 3360 651 3441 praetore
678 3357 786 3422 iussus
815 3360 878 3440 cst,
904 3376 1108 3441 nequaquam

64 3450 185 3514 locus
212 3445 273 3509 erit
302 3445 461 3511 cautionis
490 3445 658 3512 oblationi.
705 3449 738 3510 st
760 3446 806 3510 ita
828 3443 951 3509 Labeo:
977 3449 1110 3510 01101111

60 3530 210 3611 nulla,
231 3534 351 3618 inquit,
373 3535 449 3616 finis
471 3536 517 3599 rei
539 3534 717 3599 ircomictur.
