2512 3888
393 188 418 240 2.
444 183 626 240 MASURIUS
646 183 800 241 SABINUS
1039 184 1105 249 429

89 344 221 430 perinde
249 344 448 431 habendum,
475 368 513 412 ac
541 347 569 418 si
591 369 649 412 nec
671 347 806 412 fundum
829 370 887 414 nec
910 353 1020 433 partes
1044 370 1102 414 no·

89 434 253 498 minasset.

123 610 175 678 De
196 611 413 678 hereditatehas
435 633 514 696 qaue
536 612 575 677 ub
598 613 805 716 intestato'ad
825 633 882 679 nos
900 615 1065 697 pertinent.

179 741 317 801 Priorum
353 742 427 801 iuris
466 743 673 803 consulturum
710 743 875 803 sententiae
908 744 969 804 fere
997 747 1098 806 nullae

89 830 231 893 videntur
253 831 390 891 traditae.
438 831 474 891 de
496 851 557 891 uno
582 832 723 892 Trebatio
747 852 774 892 v.
793 831 809 891 I
831 852 860 909 p.
880 833 955 893 413.

179 912 334 996 Pomponii
360 920 506 998 Paulique
537 939 688 997 perpauca
719 921 890 999 fragmenta
917 924 1036 981 exstant
1064 922 1102 982 ad

90 1009 167 1068 hanc
200 1027 263 1067 rem
290 1009 485 1086 pertinentia,
517 1009 673 1086 Pomponii
699 1028 806 1071 novem
834 1001 880 1091 (P.
900 1002 1104 1093 rae-434),

90 1097 143 1157 sed
172 1097 280 1174 quibus
308 1099 370 1158 fere
395 1099 534 1159 omnibus
558 1099 594 1158 de
617 1100 763 1160 bonorum
787 1099 972 1175 possessione
995 1102 1105 1159 tracte-

89 1190 151 1264 tur,
174 1186 262 1245 Pauli
285 1187 344 1247 dno
367 1180 525 1269 (P.1631.
547 1179 648 1270 1632)
673 1189 729 1267 vel,
752 1207 821 1248 cum
844 1187 928 1264 prius
951 1187 1043 1248 etiam
1067 1187 1106 1247 ad

90 1274 193 1352 priora
211 1275 322 1335 referre
340 1275 439 1350 liceat,
456 1277 557 1353 potius
575 1297 670 1336 unum
689 1280 812 1338 certum.
845 1276 968 1353 Ulpiani
982 1277 1105 1354 quidem

89 1364 237 1424 librorum
265 1363 439 1424 XII-XIV
471 1365 560 1439 plura
591 1367 762 1442 fragmenta
793 1368 913 1426 exstant
945 1358 994 1448 (P.
1019 1367 1104 1427 2512

92 1443 253 1532 -2528),
290 1453 343 1513 sed
378 1453 529 1530 plerisque
566 1454 602 1514 de
635 1455 701 1514 iure
733 1458 803 1531 post
835 1454 938 1514 Sabini
969 1458 1107 1531 tempora

92 1542 210 1600 statuto
242 1541 357 1619 agitur,
389 1542 526 1617 inprimis
559 1542 596 1602 de
623 1542 890 1604 senatusconsultis
919 1543 1105 1604 Tertulliano

93 1632 125 1689 et
157 1626 335 1705 Orphitiano
367 1629 515 1690 Hadriani
550 1634 581 1690 et
612 1631 706 1691 Marci
736 1631 854 1692 Aurelii
886 1635 986 1692 aetate
1020 1633 1107 1693 factis

93 1711 142 1801 (P.
158 1719 342 1778 2514-17.
363 1711 506 1798 19-22)
529 1718 579 1779 vel
602 1718 637 1779 de
661 1719 788 1781 decretis
813 1725 844 1780 51
867 1721 1020 1796 rescriptis
1044 1721 1107 1781 divi

92 1807 142 1867 Pii
161 1799 207 1888 (P.
224 1809 319 1868 2519.
340 1809 435 1867 2524.
456 1809 550 1869 2528.
570 1801 681 1888 2529),
700 1809 762 1871 divi
775 1809 869 1869 Marci
888 1805 935 1890 (P
951 1811 1058 1870 25251·
1068 1801 1107 1892 ¹²)

93 1896 232 1957 divorum
254 1895 348 1956 Marci
372 1900 403 1956 et
427 1897 499 1956 Veri
521 1889 567 1976 (P
584 1891 706 1979 2512”,)
734 1897 925 1974 imperatoris
951 1899 1107 1959 nostrit
1076 1906 1107 1959 et

94 1985 156 2047 divi
186 1988 240 2061 pa
241 2003 283 2045 us
316 1985 380 2045 eius
409 1979 455 2065 (P.
476 1987 571 2048 2514.
591 1981 692 2070 2523)
720 1988 768 2047 vel
796 1987 889 2048 solius
917 1987 1106 2064 imperatoris

92 2074 190 2134 nostri
216 2074 362 2134 Antonini
386 2076 521 2178 Augusti
548 2068 596 2155 (P.
616 2078 723 2138 25120.
749 2070 873 2158 2517).
901 2076 938 2136 51.
957 2077 989 2137 P.
1011 2078 1105 2151 2522,

94 2164 127 2222 15
154 2163 240 2222 55155
266 2163 412 2240 principio
439 2164 470 2223 in
472 2164 592 2225 teroidit
578 2166 799 2243 trascriptum
823 2165 941 2245 Severi,
965 2167 1004 2226 ad
1026 2123 1106 2244 quod

96 2270 133 2311 ea
156 2270 232 2328 quae
256 2256 422 2329 sequuntur
443 2253 604 2331 pertinent.
645 2255 772 2332 deniqne
790 2254 913 2332 Ulpiani
935 2256 1106 2333 fragmenta

95 2358 190 2417 aeque
218 2344 308 2418 atque
331 2342 488 2418 Pomponii
515 2345 546 2402 et
572 2343 609 2402 de
637 2343 782 2405 honorum
804 2344 991 2420 possessione
1015 2348 1046 2404 51
1068 2345 1104 2404 de

94 2431 235 2506 praetore
257 2433 328 2490 sunt
350 2422 397 2510 (P.
412 2432 508 2491 2514.
529 2433 623 2493 2519.
643 2433 739 2492 2521.
760 2434 854 2493 2522.
873 2425 985 2513 2523).

186 2517 322 2597 Sabinus,
340 2519 393 2578 ubi
411 2519 447 2578 de
465 2519 609 2597 legitimis
627 2520 787 2580 heredibus
802 2520 886 2598 dixit,
905 2520 944 2580 ad
958 2521 1104 2581 bonorum

94 2625 215 2686 quoque
237 2607 456 2683 possessionem
479 2607 599 2667 videtur
622 2611 780 2700 spectasse.

356 2802 404 2862 De
425 2804 616 2877 ingenuorum
637 2804 853 2864 tarditatibus.

171 2925 405 3006 ,Legitimomm
437 2926 581 2986 heredum
614 2925 707 2988 Gaius
744 2930 806 2988 tres
842 2927 960 2988 ordines
998 2926 1107 2986 statuit

81 3009 246 3100 (snorum,
270 3017 457 3093 agnatorum,
480 3009 662 3098 gentilium),
685 3017 833 3093 Ulpianus
857 3019 1003 3094 quattuor
1025 3007 1110 3099 (suo-

96 3126 173 3184 rum,
196 3103 494 3183 consanguineorum,
516 3105 702 3183 reliquorum
720 3109 907 3184 agnatorum,
926 3097 1110 3187 gentilium).

96 3197 128 3255 in
161 3196 217 3254 hac
248 3213 281 3254 re
314 3191 423 3253 Gaium
453 3195 489 3252 51
522 3192 699 3254 Sabinianae
732 3195 850 3255 scholae
882 3197 1033 3257 fautorem
1066 3213 1111 3254 se·

97 3285 187 3344 cutus
211 3301 285 3342 sum.

187 3370 403 3432 intestatorum
439 3372 638 3449 ingenuorum
673 3372 855 3433 hereditates
887 3392 924 3433 ex
955 3373 1023 3450 lege
1051 3371 1111 3434 XII

99 3460 270 3610 tffibulgrssunp
293 3459 424 3537 primum
447 3459 485 3521 ad
508 3480 578 3522 suos
601 3462 724 3523 heredes
747 3463 907 3539 pertinent.
953 3462 1065 3543 11513,
1083 3465 1111 3524 1.

142 3568 170 3624 p.
229 3596 236 3628 ,
274 3594 281 3608 .
