2508 3896
162 183 228 246 492
269 181 304 237 11.
327 180 395 236 TIB.
416 180 492 235 anu
514 179 644 235 CLAUD.
667 177 1043 236 NERON.TEMP.1URIS
1068 178 1166 236 CONS.

164 345 312 427 singulas
326 343 508 427 amphoras,
522 343 600 407 item
615 343 729 426 oleum,
742 346 779 407 ut
792 343 827 407 in
842 343 990 426 singulos
1005 345 1167 427 metretas

163 433 241 496 item
260 432 466 516 frumentum,
484 435 521 496 ut
537 432 570 496 in
586 431 731 517 singulos
746 431 880 513 modios,
898 432 977 494 item
991 435 1170 517 argentum,

163 523 201 585 ut
223 521 257 584 in
281 521 426 604 singulas
449 520 550 584 libras
574 526 695 584 certum
720 521 859 604 pretium
883 519 1050 603 diceretur,
1077 541 1168 603 quae-

163 609 256 694 ritur,
279 609 407 694 quando
432 609 579 673 videatur
602 610 722 694 emptio
746 609 867 693 perfioi.
913 607 997 692 quod
1022 608 1169 673 similiter

163 697 287 762 scilicet
309 698 473 781 quaeritur
496 701 529 762 et
552 697 591 762 de
613 697 665 761 his
689 719 771 784 quae
794 718 927 762 numero
952 699 1117 781 constant,
1143 698 1169 762 si

162 808 221 871 pro
236 808 369 852 numero
384 807 554 871 corporum
569 787 707 870 pretium
722 785 820 850 fuerit
832 788 998 851 statutum.
1032 782 1169 850 Sabinus

164 879 196 939 et
216 873 346 940 Cassius
367 879 444 940 tune
462 875 570 958 perfioi
590 875 785 959 emptionem
806 875 1003 956 existimant,
1026 895 1099 938 oum
1118 873 1169 938 ad·

162 966 330 1029 numerata
354 964 507 1028 admensa
526 964 706 1048 adpensave
725 964 799 1047 sint,
822 962 898 1048 quia
917 961 1059 1027 venditio
1080 963 1168 1047 quasi

163 1053 222 1118 sub
246 1053 307 1118 hae
331 1052 516 1118 condicione
540 1052 667 1116 videtur
688 1052 770 1136 fieri,
796 1055 834 1116 ut
856 1050 912 1135 <in
936 1051 1083 1136 singulas
1106 1074 1168 1117 am·

162 1142 283 1227 phoras
312 1141 524 1207 contrahatur
551 1141 629 1225 aut>
653 1142 686 1204 in
711 1139 857 1225 singulos
881 1143 1035 1204 metretas
1059 1145 1116 1205 aut
1136 1141 1168 1204 in

164 1230 309 1317 singulos
337 1229 460 1294 modios
490 1251 571 1314 quos
599 1250 717 1313 quasve
745 1229 914 1293 admensus
944 1227 1019 1311 eris,
1053 1233 1111 1294 aut
1137 1228 1168 1292 in

163 1318 310 1404 siugulas
328 1318 428 1382 libras
447 1340 528 1403 quas
548 1317 747 1403 adpendens,
767 1322 824 1382 aut
842 1317 877 1382 ln
891 1316 1022 1402 singula
1035 1338 1168 1402 corpora

163 1431 245 1495 quae
269 1407 538 1472 adnumeraveris.

252 1496 316 1561 80?
341 1495 380 1561 D.
392 1495 442 1578 18,
452 1496 481 1576 6,
494 1497 521 1577 1,
531 1497 561 1560 4.
598 1494 757 1578 Ulpianus
780 1495 864 1559 libro
883 1493 1035 1558 vicesimo
1055 1497 1170 1559 octavo

162 1585 203 1652 ad
223 1584 376 1650 Sabinum
397 1582 446 1670 (P.
460 1582 572 1672 2717).
591 1620 633 1630 -
653 1581 688 1648 Si
711 1584 831 1647 doliare
850 1583 959 1647 vinum
979 1583 1095 1647 amaris
1114 1604 1170 1647 neo

163 1677 201 1740 de
218 1674 374 1739 tradendo
389 1694 427 1738 eo
442 1674 613 1758 quiequam
628 1671 821 1755 convenerit,
839 1671 871 1734 id
886 1670 987 1735 videri
1000 1676 1120 1755 aetum,
1137 1675 1171 1734 ut

163 1767 238 1828 ante
258 1765 490 1827 evacuarentur
509 1784 604 1846 quam
622 1761 662 1825 ad
676 1761 871 1826 vindemiam
888 1781 985 1841 opera
999 1781 1111 1824 eorum
1127 1760 1171 1824 fu-

163 1858 237 1918 tura
253 1851 296 1916 sa
309 1851 502 1935 neeessaria3
517 1851 602 1935 quod
614 1851 717 1915 sinon
727 1849 792 1915 sint
803 1853 967 1930 evacuata,
980 1847 1174 1932 faciendum,

164 1941 248 2026 quod
271 1944 394 2006 veteres
415 1942 620 2024 putaverunt,
641 1959 699 2023 per
717 1938 846 2004 corbem
865 1936 1065 2003 venditorem
1083 1959 1171 2001 men·

163 2051 272 2095 suram
286 2028 391 2093 fauere
406 2032 439 2092 et
454 2028 630 2111 effimdaro3
643 2031 766 2093 veteres
778 2026 863 2091 enim
872 2025 933 2091 hoo
943 2029 1078 2110 propter
1087 2047 1172 2090 men·

163 2139 271 2183 suram
296 2118 476 2198 suaserunt,
499 2117 536 2198 si,
560 2119 681 2201 quanta
701 2137 853 2179 mensura
871 2119 966 2197 esset,
987 2135 1054 2179 non
1075 2136 1173 2198 appa·

162 2211 241 2292 reat,
264 2205 413 2300 videlieet
436 2207 473 2268 ut
497 2208 676 2289 appareret,
699 2209 855 2288 quantum
878 2202 1016 2287 emptori
1032 2204 1176 2286 perierit

250 2317 353 2377 Verba
370 2309 414 2374 ‘id
432 2315 527 2376 videri
545 2309 657 2376 aetum'
672 2315 711 2375 ad
726 2315 828 2375 Sabini
846 2315 973 2375 fort-assa
993 2317 1175 2374 sententiam

163 2407 332 2468 romIttunt.

422 2504 472 2571 De
493 2507 642 2572 consorte
664 2508 749 2571 etde
770 2505 917 2571 societate.

252 2627 438 2706 Quamquam
460 2627 642 2704 Pomponius
669 2627 706 2686 da
734 2627 876 2686 sooiatata
899 2625 975 2685 libro
998 2623 1059 2683 XII
1082 2625 1115 2684 at
1137 2623 1178 2683 de

161 2717 280 2778 indioiis
295 2715 445 2777 divisoriis
458 2716 536 2775 libro
550 2715 625 2776 XIII
639 2715 723 2791 dixit,
743 2715 887 2774 Sabinum
900 2714 1031 2791 primum
1047 2712 1085 2772 da
1106 2731 1177 2773 eon-

163 2807 256 2867 sortio
280 2805 375 2884 agisse
398 2807 480 2882 puto.

559 2910 607 2968 De
629 2912 777 2970 consortio.

250 3027 286 3086 In
313 3027 458 3086 librorum
485 3025 524 3084 ad
547 3023 617 3086 Sab.
640 3024 819 3100 scriptorum
841 3022 1018 3100 fragmentis
1042 3023 1079 3082 de
1103 3042 1181 3084 oon—

163 3115 256 3176 sortio
285 3116 436 3175 disserunt
461 3114 564 3190 Pomp.
583 3114 602 3173 l.
621 3112 695 3172 XIII
718 3112 751 3174 P.
771 3113 960 3197 aaa-5593,
989 3110 1075 3172 Paul.
1094 3113 1116 3172 l.
1134 3111 1182 3171 Π

161 3203 192 3265 P.
211 3204 442 3279 1738-1741,
465 3201 535 3279 Ulp.
548 3204 568 3262 l.
582 3201 665 3260 XXX
687 3202 720 3263 P.
735 3201 963 3263 arla—2750.

498 3353 637 3409 Familiae
655 3353 836 3409 aoiaouadua

251 3443 270 3511 ἵ
290 3495 296 3508 .
319 3449 429 3508 iuditio
458 3449 589 3508 familiae
613 3448 816 3526 eroisoundaa,
843 3448 923 3525 quod
945 3449 1025 3507 inter
1047 3450 1184 3509 herodes

163 3535 199 3594 do
226 3536 394 3595 horedItato
422 3537 606 3613 euastanda,
635 3536 666 3595 id
694 3539 740 3597 ast
767 3536 929 3597 dlvidunda
955 3537 1052 3614 aooipi
1076 3533 1186 3601 solet'.
