2580 3888
156 148 223 226 364
262 147 296 203 Π.
323 147 392 203 ΤΙΒ.
411 145 487 200 GAIl
511 145 639 201 CLAUD.
659 145 793 202 NERON.
813 145 924 201 Taua.
942 144 1039 200 Iulus
1062 144 1170 202 CONS.

158 310 214 394 qui
238 331 313 374 suos
333 310 459 375 dolores
480 311 721 394 anxietatesque
742 309 954 391 dissimulant,
977 309 1173 392 perveniant

156 399 331 482 patientiae
355 399 510 463 beneficio
535 400 574 462 ad
597 401 771 463 maximam
795 400 1003 482 voluptatem.

245 518 378 594 Volupia
397 514 513 580 ‘thtin
535 519 615 579 eines
629 519 840 596 vorauglioheu
853 519 1049 596 behagliohen
1063 518 1172 578 Wohl-

158 607 250 685 seins,
279 606 371 666 daher
398 609 476 668 auch
502 611 592 667 unter
621 608 677 666 den
706 607 879 666 Gottheiten
907 607 1030 683 puerilis
1060 609 1173 668 aetatis

58 729 61 736 ·
158 691 335 774 angerufen'
358 697 472 757 Preller
490 697 529 774 H,
545 700 595 758 36.

245 794 291 852 De
322 794 511 871 impatientia
543 795 653 854 doloris
684 798 715 854 et
744 796 780 854 de
812 795 993 855 valetudinis
1026 795 1171 854 adversae

156 883 346 959 impatientia
365 884 401 943 of.
420 903 464 942 ex.
488 879 531 961 gr.
550 883 696 942 Hadriani
714 885 893 960 rescriptum
912 883 947 943 D.
968 885 1019 959 49,
1032 885 1082 959 16,
1100 887 1128 957 6,
1142 887 1170 959 7,

157 971 283 1030 Paulum
299 972 326 1032 S.
337 972 371 1032 R.
380 971 416 1045 V,
426 975 475 1049 12,
485 976 512 1048 1,
531 973 695 1047 Ulpianum
708 973 745 1031 D.
757 976 807 1046 29,
817 975 846 1046 5,
856 976 884 1049 1,
894 974 933 1032 23
950 976 980 1030 et
995 973 1046 1048 28,
1059 974 1086 1046 3,
1098 974 1126 1049 6,
1137 976 1172 1050 73

158 1060 193 1119 de
217 1061 310 1119 animi
332 1061 480 1138 patientia
503 1061 666 1137 Ulpianum
689 1063 723 1122 D.
745 1064 774 1137 3,
790 1063 818 1140 2,
834 1064 884 1121 23.

490 1255 545 1315 ΙΙΙ,
574 1257 623 1317 De
645 1257 838 1334 indigenis.
905 1262 908 1270 ’

247 1379 323 1440 Oum
347 1380 420 1440 Gall.
436 1381 465 1457 4,
482 1382 544 1455 9,8
574 1381 802 1441 commentarios
828 1381 930 1440 laudet
954 1375 1039 1457 ‘quos
1063 1379 1100 1438 de
1124 1381 1169 1440 in·

158 1469 274 1548 digenis
304 1463 483 1544 composuit'
508 1461 560 1550 (sc.
588 1470 740 1531 Masurius
765 1463 919 1550 Sabinus),
951 1488 1011 1528 non
1043 1468 1079 1527 de
1108 1470 1170 1528 sin-

158 1559 256 1636 gulari
287 1557 365 1617 libro
393 1558 586 1636 cogitandum
613 1563 666 1619 est.
718 1560 927 1636 argumentum
955 1577 1013 1616 non
1041 1562 1104 1616 tam
1133 1578 1171 1617 ex

157 1666 216 1706 uno
241 1647 320 1724 quod
344 1651 495 1707 servatum
519 1653 566 1707 est
588 1650 768 1727 fragmento,
791 1667 881 1723 quam
904 1666 940 1706 ex
962 1647 1080 1706 nomine
1101 1666 1172 1724 cog·

157 1737 299 1795 noscitur.
351 1736 459 1796 Ateius
490 1737 569 1795 enim
597 1735 702 1813 Capito
731 1738 884 1797 decretum
916 1739 1002 1795 vetus
1030 1736 1171 1810 protulit,

157 1825 189 1883 in
208 1844 267 1902 quo
285 1825 427 1884 iubentur
445 1826 594 1901 principes
613 1827 752 1902 civitatis,
776 1826 827 1903 qui
846 1825 925 1884 ludis
944 1825 1169 1902 Megalensibus

157 1915 281 1990 antiquo
304 1913 367 1973 ritu
389 1914 577 1991 mutilarent,
606 1916 714 1992 iurare,
736 1935 796 1974 non
820 1908 900 1974 ‘rino
924 1913 1092 1990 alienigena
1116 1914 1169 1972 sed

158 2004 273 2078 patriae
301 1997 420 2061 usuros'
444 1994 534 2083 (Gall.
551 2006 579 2076 2,
595 2005 645 2080 24,
661 1995 704 2084 2),
728 2003 808 2081 quod
830 2004 933 2063 vinum
958 2022 976 2061 a
998 2001 1095 2061 Plinio
1119 2005 1172 2079 14,

161 2092 223 2167 6,ss
252 2090 394 2166 indigena
421 2091 605 2166 nominatur,
633 2091 712 2150 unde
739 2091 827 2151 illum
850 2095 886 2150 ut
909 2091 1061 2167 Capitonis
1086 2091 1171 2150 audi-

157 2180 255 2237 torem
291 2179 367 2237 hauc
403 2198 468 2237 reru
503 2180 621 2254 plenius
658 2181 847 2240 tractandam
884 2181 941 2239 sibi
977 2181 1170 2255 proposuisse

158 2266 286 2326 conicias
313 2285 368 2326 nec
392 2267 427 2326 de
451 2269 622 2328 hominibus
645 2272 764 2328 tantum
785 2269 935 2347 indigenis
958 2269 1086 2340 Latinis,
1116 2269 1170 2326 sed

159 2357 251 2415 etiam
271 2357 306 2415 de
324 2357 414 2416 rebus
433 2356 594 2432 scripsisse.
638 2357 804 2418 Columella
823 2359 943 2435 quidem
961 2357 1171 2416 felicissimum

157 2445 284 2528 fundum
302 2465 371 2504 eum
385 2445 537 2524 iudicavit,
556 2447 608 2524 qui
623 2449 742 2507 colonos
755 2446 910 2524 indigenas
924 2447 1050 2505 haberet
1064 2438 1108 2526 (1,
1126 2437 1171 2526 7),

159 2536 190 2593 et
216 2534 304 2612 longe
333 2554 449 2594 omnem
471 2535 578 2596 bovem
601 2537 772 2614 indigenam
794 2536 948 2595 meliorem
972 2554 1061 2612 quam
1084 2553 1170 2610 pere·

158 2624 277 2699 grinum
298 2617 341 2702 (6,
357 2616 400 2704 2).
433 2630 589 2701 praeterea
607 2628 706 2703 boves,
724 2627 864 2685 iuvencos
880 2628 910 2684 et
923 2625 1072 2701 iuvencas,
1092 2643 1170 2699 quae

157 2713 224 2773 Iovi
250 2716 280 2772 et
302 2713 410 2773 Iunoni
438 2734 473 2772 ex
501 2716 564 2773 ritu
586 2714 719 2774 Romano
746 2714 980 2773 immolabantur
1006 2707 1170 2793 (PrellerI

160 2804 223 2862 213
236 2821 278 2880 sq.
295 2795 383 2880 281),
402 2804 556 2880 indigenas
577 2821 639 2861 esse
659 2802 823 2878 oportebat.
857 2799 941 2862 Ovio.
958 2804 1024 2860 Am,
1040 2804 1068 2878 3,
1084 2802 1135 2875 13,
1149 2807 1171 2860 4

159 2884 277 2972 (basta
313 2891 481 2951 sacerdotes
513 2890 621 2950 Iunoni
657 2891 735 2950 festa
765 2891 912 2966 parabant
947 2891 1005 2948 Per
1038 2889 1171 2950 celebres

159 2980 246 3038 ludos
268 2981 497 3056 indigenamque
520 2969 661 3060 borem').
709 2980 836 3055 accedit,
863 2980 942 3056 quod
966 2978 1170 3056 agriculturae

159 3068 400 3145 matrimoniique
424 3068 544 3126 eosdem
566 3068 636 3126 deos
660 3067 740 3144 apud
762 3071 879 3128 veteres
901 3068 1051 3127 Romanos
1075 3067 1171 3126 fuisse

159 3160 285 3216 constat.
335 3157 367 3214 in
398 3155 498 3231 patria
529 3158 634 3214 natum
660 3157 692 3215 id
719 3157 766 3215 far
793 3175 858 3216 esse
887 3157 1057 3233 oportebat,
1089 3155 1172 3232 quod

159 3245 291 3323 virgines
314 3245 452 3303 Vestales
480 3245 511 3302 in
538 3263 619 3321 penu
642 3245 753 3304 Vestae
781 3246 819 3304 ad
846 3264 934 3304 usum
957 3244 1171 3309 sacrificiorum

160 3332 360 3410 deponebant3
393 3333 537 3410 farreum,
571 3354 637 3393 cum
669 3335 754 3412 virgo
782 3335 813 3392 in
841 3335 963 3393 domum
990 3333 1092 3393 mariti
1120 3332 1171 3391 de-

160 3421 334 3498 ducebatur,
348 3423 418 3480 ante
433 3439 498 3480 eam
512 3422 624 3482 camilli
638 3424 799 3498 portabant
810 3415 937 3503 (Preller
951 3423 981 3482 Il
998 3425 1069 3482 173.
1081 3417 1171 3500 215).

161 3507 205 3567 Of.
233 3527 310 3585 quae
338 3509 374 3568 de
397 3509 643 3571 confarreationis
666 3512 728 3570 ritu
750 3531 789 3570 ne
812 3512 956 3572 Antonini
980 3511 1025 3570 Pii
1049 3511 1172 3587 quidem
