2512 3888
395 139 421 188 2.
446 130 628 186 MASURIUS
646 131 800 188 SABINUS
1037 131 1103 197 439

258 327 302 382 De
319 343 349 382 eo
367 328 440 396 qood
453 343 505 396 per
522 327 734 382 vindicationem
753 328 870 396 depotavi
888 334 933 384 eet.

187 434 257 522 ‘Per
284 440 513 501 vindicationem
540 441 596 501 hoc
623 440 710 501 modo
735 441 885 516 legamus:
910 443 993 502 'Titio
1019 443 1103 503 verbi

99 530 199 610 gratia
216 530 367 590 hominem
381 529 517 590 Stichum
535 529 572 589 do
591 530 658 607 lego
674 574 681 589 .
696 577 702 589 .
718 573 725 588 .
739 529 805 588 ideo
825 534 926 589 autem
940 550 994 606 per
1006 533 1102 594 vindi-

93 619 245 680 cationem
267 619 401 696 legatum
425 619 608 695 appellatur,
637 617 708 694 quia
729 620 799 693 poet
821 619 934 678 aditam
953 620 1102 681 heredita·

95 715 157 769 tem
180 708 283 768 stetim
306 727 342 767 ex
363 708 428 766 inre
450 706 613 777 Quiritium
636 725 682 766 ree
705 707 845 784 legatarii
867 707 913 783 fit3
938 712 968 766 et
991 709 1017 766 si
1035 729 1102 768 eam

95 816 159 856 rem
185 796 350 874 legatarius
372 797 421 856 vel
439 796 476 855 ab
494 796 602 855 herede
625 797 674 854 vel
697 795 734 854 ab
757 795 817 854 alio
841 813 1027 873 quocumque
1050 799 1102 876 qni

92 904 161 946 eam
191 885 336 964 possidet,
368 888 466 961 petat,
497 883 649 944 vindicare
681 884 781 961 debet,
813 884 846 943 id
875 886 922 944 eet
948 884 1102 945 intendere

91 992 180 1034 enam
202 993 265 1034 rem
288 993 324 1033 ex
346 973 411 1032 inre
430 971 592 1042 Quiritium
615 991 679 1032 eece
697 1020 702 1032 .
720 1020 726 1033 .
742 1019 748 1032 .
763 992 815 1032 eae
834 975 935 1032 autem
955 973 1035 1033 solae
1054 993 1102 1032 ree

94 1082 148 1139 per
170 1063 399 1123 vindicationem
421 1062 561 1138 legantur
582 1065 671 1138 recte,
695 1081 771 1140 quae
795 1081 830 1120 ex
854 1062 917 1120 iure
941 1061 1102 1132 Quiritium

93 1151 187 1228 ipsine
210 1151 363 1210 testatoris
388 1153 466 1210 eunt.
513 1151 637 1210 sedeas
661 1150 781 1228 quidem
803 1169 850 1210 res
874 1169 949 1227 quae
972 1150 1102 1227 pondere

89 1258 217 1300 ‘numero
250 1256 390 1298 mensure
420 1242 572 1314 constant,
606 1239 720 1315 placuit
752 1240 902 1318 sufficere,
939 1239 966 1298 si
997 1239 1102 1299 mortis

88 1331 227 1405 tempore
256 1329 315 1388 sint
346 1346 383 1386 ex
409 1326 474 1386 iure
498 1326 660 1396 Quiritium
685 1329 852 1405 testatoris,
879 1328 977 1388 veluti
997 1329 1102 1389 vinum

95 1418 195 1477 oleum
217 1417 402 1474 frumentum
419 1415 573 1490 pecuniam
592 1419 788 1477 numeratam.
830 1419 945 1476 ceterae
963 1437 1011 1476 res
1030 1436 1101 1477 vero

94 1505 208 1581 placuit
229 1507 357 1580 utroque
380 1506 515 1579 tempore
536 1504 690 1563 testatoris
713 1524 749 1563 ex
771 1505 835 1564 iere
854 1505 1015 1576 Quiritium
1034 1524 1106 1568 esee

93 1592 214 1670 debere,
240 1592 272 1650 id
295 1595 341 1652 eet
364 1595 394 1651 et
417 1609 475 1668 qno
498 1593 610 1650 faceret
633 1596 847 1653 testamentum
870 1597 982 1670 etque
1005 1613 1099 1654 more-

87 1684 189 1758 retur3
217 1681 351 1758 alioquin
377 1680 483 1740 inutile
512 1683 557 1739 eet
583 1680 719 1757 legatum
816 1681 894 1741 illud
916 1685 1046 1756 constat,
1075 1684 1101 1743 ei

90 1770 207 1831 duobus
238 1769 414 1845 pluribusve
445 1788 498 1844 per
531 1767 762 1828 vindicationem
795 1771 898 1830 eadem
927 1789 974 1830 ree
999 1773 1102 1850 legata

91 1859 145 1936 eit,
177 1858 239 1920 eive
271 1857 452 1918 coniunctim
484 1856 547 1918 eive
574 1857 760 1936 disiunctim‚
794 1862 823 1917 et
849 1877 950 1918 omnes
978 1861 1101 1920 veniant

85 1948 129 2007 ad
146 1948 290 2026 legatum,
308 1949 409 2023 partes
427 1946 466 2006 ad
484 1945 619 2024 singulos
636 1947 786 2023 pertinere
806 1949 836 2006 et
855 1947 1020 2008 deficientia
1033 1969 1099 2026 per·

87 2037 203 2096 tionem
236 2035 429 2114 collegntario
466 2035 645 2096 adcrescere.
704 2036 884 2096 coniunctim
919 2040 1021 2097 autem
1055 2039 1101 2098 ita

89 2125 223 2203 legetur:
257 2125 337 2184 Titio
365 2127 396 2184 et
423 2123 490 2184 Seio
518 2124 667 2184 hominem
696 2123 833 2184 Stichum
861 2127 899 2186 do
925 2127 1005 2204 legc;
1039 2127 1098 2188 die·

84 2213 217 2272 iunctim
244 2212 299 2272 ita:
331 2212 365 2272 L.
393 2213 472 2274 Titio
495 2214 645 2273 hominem
673 2214 808 2274 Stichum
836 2216 873 2276 do
901 2216 977 2291 lego,
1029 2216 1098 2277 Seio

84 2302 216 2361 eundem
237 2302 387 2362 hominem
409 2301 447 2362 do
470 2295 559 2380 lego'.
605 2301 670 2362 Gai.
691 2305 719 2376 2,
736 2304 919 2365 193-196.
942 2308 1013 2366 199.

179 2421 209 2486 2.
233 2417 301 2484 Gai.
321 2421 350 2502 2,
370 2419 443 2484 195.
467 2456 510 2466 -—
533 2419 571 2483 ln
594 2441 630 2484 eo
651 2420 893 2486 ..dissentiunt
915 2423 1098 2506 prudentee,

84 2507 173 2594 quod
210 2507 347 2574 Sabinus
389 2507 516 2591 quidem
553 2511 586 2571 et
622 2505 752 2572 Caesius
793 2511 953 2593 ceterique
994 2513 1098 2576 noetri

86 2595 458 2752 igitegptolfgrsedffi
487 2595 726 2748 itieaiigaiii
767 2597 1098 2752 {traditati}

87 2711 216 2860 Sgdoret
241 2772 303 2837 eibi
325 2773 470 2856 legatum
493 2706 577 2859 apere,
605 2772 660 2837 sed
686 2706 899 2858 poeteaguam
920 2735 1037 2838 'scierit
1065 2780 1098 2839 et

82 2863 289 2951 <epi-averit>
317 2862 473 2948 legatum,
504 2862 648 2946 proinde
672 2883 742 2927 esee
770 2867 866 2948 atque
895 2863 923 2927 si
950 2864 1096 2948 legatum

86 2977 150 3020 non
175 2955 300 3108 {isidam
317 3041 347 3123 2,
361 3039 436 3104 200.
460 3075 501 3085 -
524 3038 609 3104 Illud
632 3040 806 3125 quaeritur,
829 3041 915 3125 quod
939 3040 998 3105 sub
1022 3061 1096 3104 con·

87 3131 214 3197 dicione
239 3150 297 3213 per
318 3127 566 3193 vindicationem
590 3129 734 3213 legatum
757 3135 816 3212 eet,
839 3128 998 3214 pendente
1020 3151 1094 3194 con·

83 3220 211 3285 dicione
239 3217 329 3281 cuiue
357 3220 451 3281 eeeet.
496 3215 603 3281 nostri
625 3221 848 3301 praeceptores
872 3217 999 3283 heredis
1023 3240 1093 3283 esee

85 3311 202 3393 putant
241 3306 387 3388 exemplo
426 3305 623 3388 statuliberi,
659 3306 692 3369 id
730 3309 779 3369 eet
816 3307 883 3370 eius
919 3306 1004 3372 servi
1039 3307 1094 3391 qui

83 3397 282 3462 testamento
302 3393 361 3457 sub
380 3392 490 3478 aliqua
508 3393 696 3460 condicione
714 3393 798 3459 liber
816 3417 887 3460 esee
904 3396 1011 3462 iussus
1031 3400 1094 3482 eet3

86 3506 180 3570 quem
205 3483 332 3548 constat
353 3482 477 3548 interea
499 3483 625 3549 heredis
649 3505 777 3550 servum
801 3505 879 3550 esee.
