2550 3888
147 123 190 186 60
227 123 247 175 Ι.
271 118 426 174 AETATIS
447 116 606 174 AUGUSTI
628 117 676 172 ET
701 117 837 172 TIBERII
859 115 955 172 IURIS
979 117 1157 175 CONSULTI
1264 77 1265 80 Ἴ

147 291 290 348 damnum
303 288 407 346 datum
422 287 462 346 sit
523 305 624 362 quem·
682 286 707 345 si
742 286 872 345 incendii
912 286 1031 345 arcendi
1068 277 1165 348 causa
1263 343 1265 370 ,

134 377 309 437 'admodum
359 395 429 452 ergo
482 374 627 452 procedit,
681 375 771 435 vicini
816 374 903 434 cedes
948 374 980 432 in
995 375 1086 435 eroidi
1128 381 1161 437 ot

149 466 228 542 quod
241 464 341 524 Labeo
357 464 468 540 scribit,
487 463 513 522 si
529 462 627 522 defen·
681 465 761 540 quod
790 464 821 524 ri
849 467 903 522 aut
935 463 1013 522 clam
1040 484 1160 525 mecum

148 554 238 613 ciendi
255 553 315 612 mei
333 571 423 613 cause
437 552 529 611 vicini
548 552 627 611 aedi·
681 555 790 630 agatur
821 555 874 611 cut
910 551 1011 611 damni
1039 553 1159 614 iniuria.

148 643 251 702 ficium
282 645 347 701 orto
376 641 512 700 inccndio
540 640 627 700 dissi·
682 641 786 700 Gallus
827 641 907 698 enim
947 641 1078 720 dubitat,
1120 663 1161 702 en

41 753 42 756 ¹
148 731 291 808 paverim,
314 732 345 790 et
367 749 433 790 meo
455 729 574 789 nomine
598 734 628 789 et
682 730 778 804 excipi
801 731 965 805 oporteret:
994 724 1090 806 ‘quod
1112 733 1184 791 in-'

63 821 65 826 ’
148 820 280 879 familiae
323 819 469 878 iudicium
509 817 541 876 in
580 837 628 877 ms
682 818 779 878 cendii
835 818 1011 877 defendendi
1069 839 1162 881 causa

150 907 301 968 dandum?
327 927 395 968 cum
423 907 502 966 enim
529 907 628 966 defen·
682 907 795 966 factum
828 925 888 965 non
920 901 984 966 sit'.
1039 908 1164 970 Servius

149 997 315 1056 dendcrum
344 1014 480 1056 mearum
510 995 629 1055 aedium
683 998 786 1055 autem
812 996 868 1072 ait,
893 996 918 1054 si
945 996 976 1055 id
1001 998 1161 1075 magistra·

149 1105 241 1146 causa
269 1085 403 1157 fecerim,
425 1085 532 1161 utique
560 1085 628 1143 dolo
682 1088 733 1144 tus
762 1084 896 1160 fecisset,
926 1084 1055 1144 dandam
1087 1105 1163 1162 esse,

87 1205 89 1212 v
150 1194 245 1235 cereo.
278 1177 354 1249 puto
372 1173 468 1251 igitur
486 1191 546 1232 non
564 1191 629 1232 osse
683 1174 801 1250 privato
818 1192 879 1232 non
902 1191 966 1232 esse
988 1173 1069 1233 idem
1091 1195 1161 1236 con-

72 1313 74 1317 .
149 1283 265 1340 verum,
292 1262 372 1340 quod
395 1261 494 1321 Labeo
519 1262 629 1321 scribit.
673 1261 860 1338 cedendum,
893 1261 933 1320 si·
951 1265 1053 1322 tamon
1089 1265 1163 1342 quid

151 1372 190 1412 an
216 1355 318 1411 tamen
346 1351 412 1428 lage
435 1349 559 1427 Aquilia
582 1350 631 1428 agi
686 1351 715 1410 vi
738 1349 791 1409 aut
812 1351 889 1410 clam
912 1351 1025 1410 factum
1049 1353 1089 1412 sit
1110 1374 1162 1413 ne·
1264 1347 1265 1380 i

150 1460 219 1500 cum
254 1441 310 1500 hoc
344 1437 459 1515 possit?
505 1441 536 1498 et
571 1458 631 1498 non
686 1458 743 1516 que
770 1439 848 1516 ignis
875 1456 969 1515 usque
1000 1459 1034 1500 eo
1058 1461 1163 1518 perve-
1263 1437 1265 1476 ⁴

149 1532 225 1606 puto
262 1522 422 1607 aagendam
462 1546 516 1586 nec
553 1528 631 1587 enim
685 1527 792 1604 nisset,
846 1529 1022 1604 simpliciter
1077 1531 1164 1590 litem
1264 1529 1265 1564 3

150 1617 261 1676 iniuria
295 1617 351 1676 hoo
387 1617 471 1691 fecit,
512 1617 564 1692 qui
600 1634 631 1676 se
685 1615 913 1694 aestimandam,
931 1617 957 1676 si
969 1620 1166 1696 pervenisset,

150 1707 230 1766 tueri
251 1707 358 1783 voluit,
385 1723 453 1764 oum
474 1706 549 1764 alies
571 1725 632 1765 non
685 1705 800 1764 absolvi
819 1724 887 1764 eum
905 1710 1049 1781 oportere.
1083 1709 1165 1769 idem

150 1797 260 1872 posset.
288 1799 318 1854 et
338 1795 383 1854 ita
397 1792 501 1854 Celsus
519 1795 631 1854 scribit.
685 1794 729 1853 eit
761 1812 837 1871 esse,
854 1795 891 1854 si
924 1795 1025 1854 damni
1052 1797 1167 1857 iniuria

685 1885 785 1942 sctum
797 1884 884 1958 foret,
894 1884 1036 1960 quoniam
1047 1886 1165 1946 nullam

684 1971 825 2030 iniuriam
849 1975 903 2030 aut
928 1972 1069 2032 damnum
1093 1974 1165 2034 darc

683 2060 804 2120 videtur
817 2061 1066 2137 aeque-perituris
1082 2065 1164 2124 aedi-

683 2147 749 2206 bus.
782 2149 861 2223 quod
880 2149 905 2207 si
922 2150 1006 2208 nullo
1025 2151 1166 2214 incendio

684 2237 715 2295 id
755 2237 875 2314 feceris,
912 2238 1017 2298 deinde
1058 2245 1166 2316 postea

684 2325 854 2383 incendium
869 2329 967 2385 ortum
986 2328 1086 2407 fucrit,
1102 2349 1164 2390 non

684 2414 763 2471 idem
801 2414 857 2473 erit
888 2415 1059 2494 dicendum,
1092 2419 1166 2495 quia

684 2521 744 2561 non
773 2521 808 2561 ex
834 2506 903 2579 post
929 2505 1025 2581 facto,
1051 2507 1105 2565 sed
1128 2527 1165 2567 ex
1263 2573 1265 2586 ,

684 2591 835 2667 praesenti
852 2594 934 2650 statu
948 2593 1090 2652 damnum
1105 2597 1165 2656 iec-

685 2683 751 2741 tum
783 2681 823 2740 sit
850 2700 904 2740 nec
932 2701 983 2759 ne,
1010 2683 1164 2743 aestimari

686 2770 822 2858 oportere
846 2769 947 2829 Labeo
971 2770 1022 2831 ait.

634 2909 687 2968 VI.

273 2972 420 3092 Ulpiemis
443 3015 520 3074 libro
544 3015 670 3091 septimo
694 3015 808 3075 decimo
832 3017 870 3076 ad
893 3016 1045 3078 Sabinum.

219 3122 255 3182 D.
277 3125 359 3200 7,1,
379 3125 474 3198 12pr.
502 3153 545 3162 -
573 3123 629 3180 Ar·
751 3121 1166 3187 Vct.fr.-71.-simi1iterde

154 3212 275 3272 boribus
304 3211 413 3271 evolsis
436 3211 538 3271 volvi
561 3231 630 3272 ven·
684 3211 767 3287 ligno
787 3206 909 3289 <Labeo
929 3209 993 3292 ait>
1011 3233 1108 3291 usque
1127 3217 1164 3275 ad

154 3304 254 3360 torum
295 3300 415 3360 deiectis
456 3319 561 3378 usque
594 3296 632 3360 aci
685 3319 772 3359 usum
792 3320 880 3372 suum
897 3296 950 3380 <et
967 3303 1057 3363 villae
1077 3323 1165 3380 posse
1264 3307 1265 3310 ’

154 3407 242 3446 usum
266 3408 353 3448 suum
379 3391 409 3447 et
431 3389 522 3448 villae
545 3408 632 3465 posse
686 3389 942 3449 usufructuarium
987 3393 1064 3451 ferre
1111 3412 1164 3454 nec
1264 3389 1265 3392 '

154 3477 412 3536 usufructuarium
435 3479 512 3537 ferre
533 3478 632 3537 Labeo
686 3479 812 3538 materia
863 3498 930 3538 eum
980 3500 1034 3558 pro
1080 3482 1163 3561 ligno
