2506 3880
173 155 237 220 134
272 155 294 210 I.
316 153 469 209 Arruns
487 152 647 210 AUGUSTI
669 154 716 210 ET
734 154 870 211 TIBllltlI
887 154 984 211 IURIS
1003 155 1165 212 consum

171 317 239 384 filio
266 315 459 401 prohibente
486 339 568 401 opus
596 317 719 383 factum
749 318 804 403 sit,
832 323 865 384 et
886 322 919 383 te
938 318 1058 385 habere
1080 320 1166 385 inter-

171 406 307 490 dictum,
338 427 374 472 ao
402 406 430 470 si
456 408 489 470 to
516 407 708 491 prohibente
732 429 812 493 opus
835 407 957 473 factum
980 407 1116 494 ea<se>t,
1140 415 1167 475 et

171 494 275 559 filium
297 497 391 559 tuum
413 494 515 561 nihilo
539 496 655 561 minus.

260 582 334 649 217.
357 582 397 649 D.
410 583 488 648 ibid.
503 587 523 665 ξ
537 586 567 650 2.
588 583 738 650 —Idem
762 585 809 650 ait
831 585 985 651 adversus
1009 585 1109 650 filium
1128 588 1167 652 fu·

170 670 277 738 miliae
309 672 345 736 in
378 693 412 737 re
439 672 595 757 peculiari
621 673 784 738 neminem
812 674 895 739 clam
921 674 1024 740 rideri
1051 675 1168 761 fecisse3

170 782 320 846 namque,
343 761 371 826 si
394 761 457 826 scit
479 782 552 826 eum
575 762 678 827 filium
701 761 841 827 familias
865 784 944 847 esse,
967 784 1033 829 non
1056 764 1169 830 videtur

170 849 239 914 aius
263 849 389 915 celandi
412 851 519 934 gratia
536 851 661 935 fecisse,
683 872 778 935 quem
796 855 903 916 certus
922 855 972 916 est
988 853 1111 918 nullam
1127 876 1170 918 se

171 959 242 1003 cum
266 938 427 1003 actionem
451 938 579 1005 habere.

261 1025 335 1093 218.
358 1026 399 1092 D.
412 1026 489 1092 ibid.
503 1029 523 1108 ξ
539 1027 568 1093 5.
588 1064 630 1109 -,
651 1026 838 1105 Quaesitum
858 1032 917 1113 est,
940 1029 978 1114 si,
1001 1051 1074 1093 curn
1092 1051 1171 1114 prae

169 1115 260 1180 dium
282 1114 413 1181 interim
430 1115 553 1181 nullius
572 1121 667 1201 esset,
690 1117 811 1202 aliquid
828 1117 862 1182 ri
881 1120 938 1182 aut
956 1118 1040 1182 clam
1057 1117 1170 1184 factum

168 1204 1171 1380 ῗὲ1.ἓ“ὲ.1“ῗ.1ἶ.111ῗέἓῶἶῖ.12113,(1ξέἓέἓέ11122

168 1382 304 1447 ditatam
331 1380 451 1461 Titius,
480 1405 522 1447 an
550 1383 580 1447 ei
606 1383 814 1448 interdictum
838 1381 1023 1467 competat?
1069 1388 1102 1449 et
1128 1387 1171 1448 est

168 1471 254 1557 apud
277 1468 453 1535 Vivianum
552 1472 691 1538 relatum
714 1470 824 1537 heredi
847 1476 1028 1556 competere
1051 1472 1112 1537 hoc
1130 1473 1172 1537 in-

166 1559 340 1624 terdictum
364 1560 442 1644 eius,
464 1561 550 1644 quod
574 1567 650 1626 ante
674 1560 796 1627 aditam
818 1561 1032 1626 hereditatem
1054 1561 1171 1626 factum

167 1648 220 1732 sit,
241 1669 300 1712 nec
322 1647 443 1713 referre
460 1648 569 1714 Labeo
593 1650 648 1735 ait,
671 1650 756 1734 quod
779 1671 845 1715 non
868 1649 986 1734 scierit,
1010 1650 1066 1734 qui
1089 1649 1172 1714 here·

168 1737 223 1802 des
247 1737 347 1802 futuri
370 1741 491 1802 essent:
514 1739 575 1804 hoc
599 1739 684 1804 enim
704 1760 798 1824 posse
817 1759 914 1822 quem
933 1739 1059 1803 causari
1079 1739 1171 1803 etiam

166 1829 243 1912 post
275 1827 397 1891 aditam
428 1826 650 1893 hereditatem.
702 1849 743 1892 ne
774 1827 853 1891 illud
887 1826 1015 1912 quidem
1049 1827 1172 1892 obstare

166 1915 274 1981 Labeo
307 1916 368 1999 ait,
400 1916 484 1998 quod
517 1937 554 1981 eo
587 1921 732 2002 tempore
763 1938 857 1981 nemo
890 1915 1038 1981 dominus
1066 1915 1173 1998 fuerit;

167 2025 244 2070 nam
278 2007 311 2067 et
344 2004 505 2088 sepulchri
536 2026 631 2071 nemo
664 2005 812 2071 dominus
842 2004 906 2070 fuit
933 2008 965 2069 et
993 2007 1118 2085 tamen,
1148 2002 1173 2067 si

170 2091 247 2177 quid
275 2093 308 2154 in
337 2112 374 2156 eo
403 2090 476 2175 fiat,
504 2094 640 2177 experiri
666 2115 799 2180 possum
827 2093 912 2179 quod
939 2094 971 2158 vi
997 2097 1056 2158 aut
1086 2094 1173 2159 clam.

259 2179 333 2244 219.
365 2180 404 2245 D.
419 2180 471 2264 43,
486 2180 538 2262 24,
554 2181 605 2261 15,
622 2185 649 2248 1.
695 2181 853 2265 Ulpianus
877 2182 960 2247 libro
985 2185 1173 2266 septuagen-

170 2267 253 2334 simo
276 2269 381 2353 primo
405 2268 446 2334 ad
469 2268 608 2335 edictum
632 2269 680 2356 (P.
697 2267 823 2358 15981’).
844 2306 881 2318 -·
902 2269 945 2354 ls,
968 2270 1020 2334 cui
1042 2271 1175 2336 fundum

166 2357 398 2442 pastinandum
426 2357 605 2443 locaveras,
637 2359 761 2444 lapides
794 2359 927 2426 sustulit
958 2362 990 2423 et
1017 2359 1052 2422 in
1081 2355 1176 2424 vicini

166 2447 306 2531 proiecit
337 2447 512 2531 praedium.
562 2448 609 2512 ait
639 2448 747 2514 Labeo
780 2454 812 2514 te
841 2449 875 2514 ri
906 2451 963 2512 aut
995 2446 1080 2513 olam
1113 2467 1177 2511 non

168 2537 284 2616 teneri,
306 2536 370 2601 nisi
392 2538 482 2602 iussu
505 2541 561 2602 tuo
584 2537 618 2602 id
640 2536 763 2603 factum
786 2538 837 2603 sit

256 2624 330 2692 220.
353 2625 393 2692 D.
408 2625 484 2692 ibid.
498 2629 518 2707 ξ
531 2625 561 2691 2.
587 2663 625 2674 -
653 2625 686 2692 Si
709 2627 743 2691 in
767 2626 936 2710 sepulchro
961 2624 1066 2690 alieno
1090 2627 1177 2688 terra

168 2720 323 2800 congesta
344 2714 444 2781 fuerit
466 2715 556 2780 iussu
579 2737 661 2797 meo,
685 2715 845 2801 agendum
868 2713 1047 2796 essequod
1070 2712 1104 2777 vi
1123 2713 1178 2776 aut

168 2803 252 2869 clam
285 2825 409 2869 mecum
432 2803 541 2869 Labeo
575 2804 696 2870 scribit
747 2808 780 2869 et
803 2803 832 2868 si
854 2803 1017 2869 communi
1040 2799 1177 2867 consilio

166 2892 309 2976 plurium
336 2891 370 2956 id
397 2892 519 2957 factum
547 2892 602 2976 sit,
632 2892 729 2958 licere
756 2894 808 2958 vel
821 2897 822 2904 ’
835 2914 908 2958 cum
934 2913 1000 2956 uno
1027 2891 1081 2956 vel
1105 2909 1178 2956 cum

167 2980 304 3066 singulis
328 2980 480 3064 experiri:
502 3001 583 3064 opus
607 2981 701 3060 enim,
725 2981 809 3066 quod
833 3003 852 3046 a
874 2979 1022 3066 pluribus
1045 3000 1106 3064 pro
1131 2977 1180 3042 in-

167 3068 271 3135 diviso
299 3069 420 3134 factum
449 3073 514 3154 est,
543 3069 690 3156 singulos
717 3070 752 3135 in
780 3069 919 3136 solidum
947 3068 1105 3154 obligare.
1153 3063 1180 3129 si

168 3160 281 3224 tamen
296 3158 430 3244 proprio
450 3158 578 3243 quisque
596 3180 707 3224 eorum
726 3159 863 3224 consilio
882 3159 944 3223 hoo
961 3156 1087 3242 fecerit,
1105 3173 1181 3221 oum

168 3248 317 3312 omnibus
341 3268 410 3312 esse
433 3247 607 3330 agendum,
630 3249 754 3314 scilicet
776 3249 810 3313 in
833 3247 980 3313 solidum.

256 3342 293 3400 cf.
316 3339 438 3401 Eiselez.
452 3340 566 3402 Archiv
588 3345 641 3419 47,
659 3345 723 3402 427
735 3362 798 3420 sqq.

257 3424 333 3490 221.
363 3423 403 3488 D.
415 3425 469 3502 43,
488 3423 539 3505 24,
558 3424 612 3509 22,
631 3427 661 3490 3.
711 3425 887 3490 Venuleius
919 3423 1004 3489 libro
1038 3419 1179 3489 seeundo

166 3506 411 3576 interdictorum
434 3509 484 3598 (P.
500 3509 564 3598 17).
586 3549 623 3560 -
646 3511 680 3578 Si
700 3517 823 3578 stercus
840 3533 899 3597 per
916 3512 1051 3578 fundum
1071 3527 1181 3576 meum
