2580 3888
347 205 348 209 ,
417 169 453 222 1.,
471 163 657 218 masuetus
677 163 830 220 SABINUS
853 177 855 187 ’
998 207 1002 214 -
1051 163 1129 227 ,383

108 331 278 404 olivarum,
292 332 323 391 in
338 333 438 393 vineto
452 325 583 390 uvarum
594 332 709 390 furtum
728 332 841 390 fautum
861 334 916 408 est,
935 333 1079 408 quamdiu
1098 333 1129 392 in

101 453 106 466 -·
121 440 155 480 eo
175 414 285 481 oliveto
300 425 353 480 aut
370 415 474 481 vineto
486 422 537 479 fur
554 420 616 496 sitq
626 423 680 479 aut
695 420 866 479 siindomo
884 421 1000 480 furtum
1013 422 1129 481 fautum

103 553 106 560 ,
121 510 175 583 sitq
184 510 326 586 quamdiu
341 510 372 568 in
383 529 418 569 ea
433 509 519 568 domo
534 510 584 567 fur
598 505 646 568 sit.
669 508 722 567 alii
736 508 832 567 adhue
846 508 973 569 ulterius
984 529 1018 570 eo
1032 530 1127 589 nsque

117 599 313 658 manifestum
335 600 452 658 furtum
470 616 534 657 esse
558 598 715 674 dixerunt,
728 597 820 656 donee
841 598 987 673 perferret
1010 619 1044 658 eo
1068 619 1127 678 quo

101 687 251 764 ‘perferre
283 688 552 763 furadestinasset,
581 686 753 745 aliiadhuo
780 685 920 760 ultoriae,
950 689 1127 768 quandoque

118 795 183 836 eam
215 796 280 836 rem
311 777 362 836 fur
395 779 500 836 tenens
532 775 615 835 visus
647 767 777 834 fuerit'.⁴
814 774 917 833 Sabini
949 777 1127 837 sententiam

98 867 209 924 tertio
232 867 298 925 loeo
318 863 584 941 Gaiumproferre
608 867 754 941 apparet,
777 863 1042 941 aliorumquoque
1062 884 1126 926 sen·

116 954 236 1014 ’sentias¹
248 953 392 1014 Sabinum
413 953 576 1031 protulisse
600 957 630 1012 et
648 953 785 1013 reiecisse
803 952 1054 1012 verisimillimum
1073 958 1127 1014 est.

114 1077 116 1084 ι
161 1087 162 1092 .
190 1037 236 1102 ’3.
258 1036 340 1103 Gell.
359 1040 379 1103 1.
398 1059 428 1102 a·
443 1040 462 1119 5
478 1037 538 1103 12..
555 1073 596 1106 -,
618 1035 717 1102 Furti-
735 1037 891 1120 concepti,
913 1036 992 1100 item
1015 1037 1127 1121 oblati,

115 1127 206 1211 tripli
219 1175 221 1180 .
234 1149 337 1212 poena
367 1129 425 1192 est.
460 1126 544 1191 sed.
560 1127 646 1212 quod
674 1127 718 1190 sit
733 1126 906 1208 oblatum,
940 1126 1025 1210 quod
1054 1148 1126 1191 oon·

99 1219 268 1299 neptum.
285 1266 292 1280 .
307 1267 315 1281 .
330 1217 386 1301 qui
403 1217 511 1299 legere
530 1217 624 1298 volet,
643 1215 785 1280 inveniet
804 1213 916 1279 Sabini
932 1215 1062 1298 librum,
1076 1217 1127 1280 oui

115 1304 230 1369 titulus
254 1305 365 1368 est-de
388 1303 491 1368 furtis.
603 1353 605 1356 -
679 1343 681 1351 ν

101 1392 112 1446 Ῠ
169 1429 171 1438 ’
206 1405 269 1466 Gai.
294 1409 328 1478 3,
353 1400 738 1482 186.⁴1871*³00n00ptum
766 1407 880 1466 furtum
909 1407 1030 1482 dicitur,
1059 1425 1127 1466 eum

116 1496 196 1571 apud
224 1495 354 1572 aliquem
381 1495 510 1554 testibus
537 1496 745 1570 praesentibus
772 1497 887 1555 furtiva
914 1514 962 1554 res
991 1496 1128 1572 quaesita

99 1588 147 1643 'et
178 1583 316 1643 inventa
333 1583 372 1642 sit
396 1630 402 1643 .
422 1627 456 1641 ..
509 1582 644 1641 oblatum
675 1585 792 1642 furtum
824 1584 946 1661 dieitur,
979 1603 1047 1643 eum
1064 1603 1126 1644 =res

97 1665 309 1732 1furtivatibi
332 1672 370 1731 ab
394 1671 494 1748 aliquo
519 1672 621 1730 oblata
644 1671 684 1730 sit
707 1691 801 1749 eaque
825 1672 906 1748 apud
927 1676 1127 1749 te-eoneepta

97 1762 169 1837 ·sit;
192 1762 296 1838 utique
316 1761 343 1820 si
361 1779 397 1819 ea
416 1761 605 1819 mente-data
622 1760 679 1819 tibi
696 1760 798 1837 fuerit,
820 1765 856 1820 ut
874 1763 955 1838 apud
975 1764 1005 1820 te
1024 1763 1125 1838 potius

113 1857 206 1927 'quam
229 1849 309 1927 apud
332 1869 400 1909 eum
423 1849 475 1926 qni
498 1848 630 1920 dederit·
645 1843 872 1925 eoneiper'etur'.
905 1888 907 1895 -
1053 1889 1055 1896 ι

111 1971 126 1980 -’
204 1943 235 2006 4.
260 1940 345 2025 Gall,
360 1943 380 2006 1.
400 1944 463 2026 αξ
480 1941 529 2005 13.
554 1977 591 1988 -
611 1940 659 2005 In‘
674 1955 747 2026 quo·
760 1939 818 2028 (so.
833 1941 946 2007 Sabini
968 1941 1125 2031 libro)id

115 2037 241 2115 quo'que
265 2031 429 2115 scriptum·
445 2035 503 2114 est,
522 2034 574 2097 .’..
592 2053 658 2097 non
680 2032 848 2095 hominum
871 2035 998 2096 tantum
1021 2054 1125 2117 neque

91 2134 223 2185 'rerum
259 2121 479 2200 moventium,
511 2125 591 2204 quae
627 2121 745 2185 auferri
778 2121 901 2186 oeeulte
916 2159 918 2162 ·
934 2126 966 2186 et
1000 2121 1126 2207 subripi

114 2213 264 2293 possunt,
278 2241 281 2246 ¹
296 2209 350 2273 sed
381 2209 474 2274 fundi
507 2230 634 2294 quoque
667 2214 711 2274 et·
732 2210 857 2274 aedium
889 2209 959 2274 fieri
988 2211 1124 2296 furtum3

114 2297 359 2363 condemnatum
384 2319 510 2382 quoque
533 2298 809 2383 furtieolonum,⁸
826 2299 882 2384 qui
904 2299 1004 2365 fundo
1029 2323 1124 2384 quem

93 2386 311 2452 'conduxerat
338 2387 482 2469 vendito,
508 2387 712 2470 possessione
740 2389 807 2451 eius
836 2389 999 2454 dominum
1027 2391 1124 2454 inter·

95 2474 273 2540 uertisset
314 2503 316 2509 ¹
587 2502 588 2506 ¹
844 2510 858 2518 v*
969 2514 971 2518 ·
1067 2511 1069 2516 .

110 2591 134 2626 »’
203 2578 239 2638 D.
268 2580 325 2654 41,
349 2579 383 2656 3,
408 2579 449 2637 38
479 2577 545 2637 Gai.
579 2571 778 2655 ‘quorundam
809 2579 946 2636 veterum
978 2580 1126 2639 sententia

112 2666 364 2744 existimantium,
387 2667 479 2725 etium
501 2665 588 2725 fundi
609 2665 703 2725 loeive
726 2667 843 2725 furtum
866 2660 952 2724 fieri’.
983 2689 986 2694 ·
1061 2691 1073 2696 ’-

105 2767 121 2780 ”
180 2775 183 2781 ’
203 2758 238 2825 5.
252 2757 337 2824 Geli·
352 2755 417 2824 lsso.
436 2757 524 2840 514.
542 2759 712 2842 -Atque
735 2757 768 2822 id
791 2758 889 2822 etiam
908 2805 915 2821 .
935 2806 964 2823 ..
984 2755 1124 2823 Sabinus

112 2849 206 2931 dioit,
236 2848 340 2912 furem
369 2870 438 2913 esse
465 2847 606 2912 hominis
635 2847 824 2931 iudicatum,
856 2847 912 2933 qui
941 2868 1013 2912 eum
1040 2845 1124 2932 fugi·

111 2942 199 3003 tivus
223 2941 352 3022 praeter
375 2938 484 3003 oeulos
506 2937 590 3001 forte
613 2937 735 3001 domini
757 2937 831 3020 iret,
860 2937 997 3001 obtentu
1019 2938 1125 3020 togae,

89 3031 268 3111 “tanquam
284 3048 318 3092 se
333 3027 495 3111 amiciens,
514 3048 555 3090 ne
569 3025 731 3091 videretur
745 3049 764 3090 a
778 3025 918 3110 domino,
935 3024 1124 3090 obstitisset.

208 3209 213 3220 ⁴
303 3216 878 3286 ‘lx.1ur1s01v111s11br1111.
976 3191 978 3194 ’

204 3350 368 3410 Masurium
389 3350 533 3410 Sabinum
556 3349 632 3409 iuris
655 3349 752 3412 eivilis
775 3349 868 3409 libros
889 3352 951 3409 tres
970 3349 1123 3426 scripsisse

113 3439 224 3500 docent
242 3438 357 3499 Gellius
381 3432 426 3521 (4,
442 3443 471 3518 1,
486 3443 526 3498 21
549 3432 709 3498 ‘Masurius
733 3441 833 3498 autem
853 3437 980 3498 Sabinus
998 3439 1030 3496 in
1047 3439 1122 3498 iuris

112 3529 213 3590 civilis
242 3515 387 3588 secundo'.
433 3529 463 3608 4,
479 3531 508 3606 2,
525 3528 564 3588 15
594 3522 698 3588 ‘verba
719 3527 844 3588 Masurii
867 3527 969 3588 Sabini
997 3527 1123 3604 apposui
