2508 3896
156 156 222 222 552
257 155 290 213 11.
315 155 384 212 TIB.
408 152 485 209 GAII
509 154 635 212 CLAUD.
659 153 796 210 NERON.
821 152 928 208 TEMP.
947 151 1044 209 IURIS
1064 152 1165 210 CONS.

155 324 246 384 etiam
268 323 301 382 in
321 322 481 398 provinciis
504 343 558 401 per
581 325 612 382 in
631 324 696 383 iure
716 323 877 383 cessionem
896 321 1040 382 constitui
1057 317 1165 398 posse'.
1233 371 1235 412 ,

156 410 221 472 Gai.
237 414 265 490 2,
282 413 419 472 30—32.

444 512 488 566 De
505 513 662 567 hereditatis
680 511 874 567 vindicatione.

1233 453 1235 544 l

243 625 288 684 De
305 626 481 686 hereditat1s
494 627 694 687 vmd1catrone
708 625 848 685 dixerunt
861 625 982 685 Servius
997 617 1029 706 (I
1038 645 1066 700 p.
1080 615 1164 706 186),

154 713 281 773 Alfenus
300 708 343 795 (p.
359 706 447 796 303),
470 715 569 774 Labeo
593 707 680 796 (Hp.
696 709 784 794 107).
825 713 968 774 Sabinum
991 713 1028 772 de
1052 733 1089 772 ea
1110 714 1164 775 hoc

153 803 219 861 loco
243 803 351 863 dixisse
374 804 566 864 iudicandum
588 807 643 864 est.

243 904 274 969 5.
306 904 346 969 D.
366 906 417 989 30,
436 906 487 989 50,
509 908 536 971 1.
589 905 679 970 Idem
712 903 769 990 (se.
797 902 970 990 Ulpianus)
1003 903 1090 968 libro
1119 904 1163 969 vi-

153 994 274 1059 cesimo
305 997 419 1078 quarto
448 995 489 1059 ad
517 993 672 1058 Sabinum
699 989 748 1081 (P.
768 989 879 1079 2659).
907 1029 950 1040 -
979 989 1013 1057 si
1040 992 1163 1057 heredi·
1234 1007 1235 1022 ¹

154 1083 234 1148 tatis
253 1082 348 1147 iudex
368 1086 481 1148 contra
498 1083 648 1147 heredem
662 1082 920 1167 pronuntiaverit
933 1104 999 1146 non
1014 1084 1163 1166 agentem

155 1193 285 1236 causam
301 1172 352 1236 vel
366 1172 486 1237 lusorie
500 1176 658 1257 agentem,
671 1171 754 1236 nihil
768 1172 829 1235 hoc
842 1171 973 1235 nocebit
987 1171 1163 1254 legatariis.

154 1261 229 1344 quid
258 1281 351 1346 ergo,
379 1261 406 1325 si
434 1282 490 1344 per
517 1261 666 1324 iniuriam
691 1259 790 1325 fuerit
813 1260 1073 1344 pronuntiatum,
1101 1281 1163 1324 non

153 1354 262 1413 tamen
290 1350 500 1432 provocavit?
526 1349 644 1414 iniuria
672 1350 701 1413 ei
728 1348 816 1414 facta
837 1370 903 1413 non
926 1347 1057 1413 nocebit
1079 1348 1162 1432 lega-

153 1438 260 1519 tariis,
283 1443 321 1502 ut
344 1443 376 1502 et
399 1436 538 1504 Sabinus
563 1437 734 1522 signifieat.

397 1611 441 1668 Dc
458 1613 607 1680 inofficiosi
623 1613 775 1668 testamenti
792 1610 920 1682 querele?

241 1717 314 1776 Inde
338 1736 373 1777 ex
392 1718 523 1797 Augusti
546 1721 645 1778 aetate
666 1719 818 1795 querelam
836 1718 873 1776 de
891 1717 1055 1778 inofficioso
1074 1721 1163 1778 testa·
1234 1743 1235 1802 t

152 1809 253 1866 mento
285 1807 446 1868 admissam
478 1827 543 1868 esse
571 1808 707 1867 traditur.
757 1807 824 1867 Vel.
842 1807 919 1865 Max.
941 1811 967 1883 1,
989 1809 1017 1881 7,
1037 1809 1065 1868 3.
1086 1810 1115 1867 4.
1133 1809 1161 1868 5.
1234 1809 1235 1886 l

154 1894 306 1971 Sabinum,
329 1896 381 1971 qui
403 1897 439 1956 de
457 1898 579 1972 querela
597 1897 681 1956 libris
700 1896 739 1955 ad
757 1894 917 1954 Vitellium
934 1895 1054 1956 videtur
1073 1895 1163 1972 serip-
1234 1897 1235 1914 ³

152 1983 226 2043 sisse
245 1976 351 2064 (supra
364 2005 392 2060 p.
404 1979 493 2064 378),
512 1985 636 2044 eandem
649 2005 713 2044 rem
727 1987 782 2044 hoc
796 2003 911 2060 quoque
926 1983 1004 2043 libro
1017 1987 1164 2044 tractasse

154 2072 332 2131 censendum
351 2076 405 2134 est.
442 2077 521 2132 certe
535 2073 682 2150 Ulpianus
699 2073 776 2133 libro
793 2073 1044 2151 quadragensimo
1058 2077 1163 2135 octavo
1234 2069 1235 2100 ³

152 2160 192 2218 ad
214 2159 358 2233 Sabinum
380 2153 432 2242 (Ι).
447 2163 476 2238 5,
492 2164 520 2240 2,
536 2164 578 2220 24
601 2162 634 2221 P.
650 2155 750 2244 rese)
774 2162 810 2222 ee
833 2162 955 2239 quana
977 2162 1062 2221 eme.

412 2330 457 2384 De
473 2331 505 2384 in
523 2332 584 2386 iore
602 2333 717 2386 cessione
734 2332 898 2386 hereditatis.

153 2524 178 2584 G
232 2435 400 2585 2Ηοέοοόἱῠοο
428 2455 545 2514 qnoque
573 2437 605 2495 in
634 2437 698 2497 inre
721 2436 882 2497 cessionem
906 2439 1026 2496 tantum
1049 2437 1163 2514 recipit

180 2524 216 2584 ai.
254 2571 261 2603 ,
298 2528 327 2585 4.

242 2629 271 2693 6.
295 2625 366 2692 Gai.
380 2628 409 2710 3,
425 2627 566 2695 85-87.
585 2665 628 2676 -
647 2678 677 2694 ..
695 2629 724 2692 si
746 2629 925 2712 legitimam
947 2627 1164 2693 hereditatem

152 2715 260 2800 heres,
289 2720 461 2802 autequam
485 2721 597 2783 cernat
620 2722 676 2782 aut
697 2739 757 2802 pro
780 2717 897 2781 herede
920 2718 1025 2801 gerat,
1049 2716 1107 2780 alii
1128 2716 1164 2780 in
1234 2715 1235 2762 1

153 2804 223 2870 iure
243 2805 345 2890 cedat,
367 2807 464 2890 pleno
482 2804 552 2870 iure
570 2807 609 2871 fit
626 2807 680 2870 ille
699 2807 802 2889 heres,
823 2804 875 2870 cni
894 2825 984 2869 cessa
1003 2808 1054 2868 est
1071 2804 1163 2870 here·

152 2894 251 2977 ditas,
283 2893 418 2978 proinde
447 2915 485 2959 sc
512 2896 540 2959 si
568 2894 637 2979 ipse
665 2916 722 2979 per
749 2894 854 2978 legem
881 2893 921 2957 ad
949 2892 1165 2958 hereditatem
1234 2959 1235 2964 ,

151 2986 329 3051 vocaretur.
370 2983 485 3068 quodsi
502 2987 715 3069 posteaquam
733 2983 826 3047 heres
845 2981 997 3065 extiterit,
1018 2980 1164 3064 cesserit,

152 3071 257 3136 adhuc
275 3072 368 3137 heres
387 3075 498 3137 manet
516 3076 547 3136 et
566 3073 608 3137 ob
627 3073 659 3137 id
676 3070 888 3151 creditoribus
902 3071 971 3155 ipse
984 3070 1165 3156 tenebitur3
1233 3083 1235 3172 p

151 3161 208 3225 sed
240 3182 291 3225 res
320 3162 502 3245 corporales
530 3161 705 3226 transferet
731 3160 865 3246 proinde
893 3181 930 3225 ae
958 3159 987 3224 si
1015 3159 1163 3244 singulas
1234 3173 1235 3202 i

151 3249 185 3312 in
217 3249 286 3312 iure
318 3251 482 3328 cessisset,
514 3249 623 3315 debita
651 3272 726 3315 vero
753 3252 902 3333 pereunt,
935 3269 1036 3332 eoque
1064 3248 1162 3313 modo
1234 3315 1235 3330 .

152 3336 315 3400 debitores
342 3337 531 3401 hereditarii
558 3339 682 3402 lucrum
709 3339 842 3404 faciunt.
887 3337 972 3402 idem
998 3335 1079 3402 iuris
1103 3339 1163 3415 est,
1234 3333 1235 3338 ’

152 3424 179 3485 si
198 3426 391 3488 testamento
411 3425 550 3507 scriptus
568 3424 661 3491 heres
676 3432 886 3511 posteaquam
900 3426 993 3491 heres
1009 3425 1163 3508 extiterit,

150 3509 185 3571 in
212 3509 280 3572 inre
308 3511 442 3575 cesserit
468 3512 694 3600 hereditatem3
721 3518 795 3579 ante
823 3515 943 3580 aditam
971 3535 1045 3579 vero
1069 3513 1163 3580 here.-
