2512 3888
165 168 232 232 430
272 168 305 224 Il.
334 166 402 222 TIB.
422 166 498 222 GAII
521 165 651 224 GLAUD.
671 166 807 225 NERON.
826 167 936 225 TEMP.
954 166 1050 223 IURIS
1075 167 1176 225 CONS.

524 345 568 402 De
585 347 644 401 aab
661 347 811 402 heredibus.

250 452 318 518 ‘sai
337 505 366 520 ..
385 460 509 520 heredes
538 460 750 520 existimantur
776 460 865 521 liberi
892 461 945 538 qui
969 459 1002 519 in
1023 461 1174 536 potestate

160 547 316 609 morientis
339 548 470 608 fuerunt
512 567 637 610 ...nec
659 550 795 628 interest,
819 552 921 609 utrum
941 539 1096 609 natuiales
1115 549 1175 608 sint

160 637 249 696 liberi
267 655 307 696 an
324 637 468 714 adoptivi.
504 684 511 697 .
527 683 533 697 .
549 656 646 698 ,111101
665 657 782 716 quoque
801 657 878 714 quae
894 639 925 697 in
939 657 1031 697 manu
1045 641 1100 716 est,
1120 657 1175 698 sua

160 725 246 785 heres
271 728 324 804 est,
349 727 422 803 quia
443 726 523 786 filiae
542 727 606 787 loco
625 730 680 786 est.
723 727 922 803 ...postumi
940 745 1059 804 quoque
1078 728 1131 802 qui
1150 727 1175 786 si

161 816 231 875 rivo
254 819 379 891 parente
402 815 467 874 nati
491 817 604 892 essent,
630 815 662 875 in
684 819 835 893 potestate
858 816 923 877 eius
946 816 1045 874 futuri
1067 817 1173 890 forent,

161 905 208 964 sui
226 905 351 964 heredes
371 907 450 964 sunt.
487 951 493 964 .
509 950 516 963 .
531 950 538 965 .
553 904 633 964 idem
651 904 727 965 iuris
742 909 788 966 est
802 905 838 964 de
852 905 899 965 his
914 923 1042 981 quorum
1054 905 1174 964 nomine

166 1012 203 1052 ex
225 993 293 1070 lege
312 993 400 1052 Aelia
419 992 521 1053 Sentis
543 994 593 1053 vel
615 1011 651 1052 ex
675 994 934 1054 senatusconsulto
957 996 1026 1070 post
1048 998 1174 1053 mortem

161 1083 256 1159 patris
280 1100 372 1141 causa
393 1082 540 1158 probatur
563 1128 569 1141 .
589 1126 596 1140 .
616 1124 623 1140 .
642 1083 723 1160 quod
746 1083 838 1142 etiam
861 1083 897 1142 de
920 1101 955 1142 eo
977 1082 1040 1142 filio
1063 1083 1174 1159 quiex

159 1171 258 1247 prima
281 1171 447 1231 secundave
469 1171 691 1247 mancipatione
713 1174 783 1249 post
805 1173 933 1231 mortem
955 1172 1050 1247 patris
1068 1190 1173 1230 manu·

192 1261 198 1272 .
231 1261 238 1273 .
330 1260 337 1272 .
541 1253 552 1282 ‚
654 1260 660 1273 .

157 1259 846 1410 1111ῆῆῗῖὀι111111611111β111ω111111116ἰ1191112111θὸ10
870 1348 931 1408 lilio
954 1349 1080 1426 nepotes
1102 1368 1173 1424 nep·

159 1441 243 1498 tesve
271 1441 387 1513 extant,
414 1437 530 1513 pariter
557 1438 597 1497 ad
624 1439 823 1499 hereditatem
848 1443 1008 1513 vocantur,
1040 1455 1096 1498 nec
1123 1437 1172 1514 qui

158 1527 254 1606 gradu
280 1527 445 1603 proximior
472 1529 531 1606 est,
558 1527 734 1587 ulteriorem
757 1528 896 1588 excludit.
942 1546 1073 1603 aequum
1096 1527 1173 1587 enim

158 1616 319 1677 videbatur
340 1619 466 1692 nepotes
483 1618 627 1692 neptesve
646 1617 678 1675 in
696 1617 791 1694 patris
810 1617 856 1676 sui
874 1618 972 1676 locum
990 1617 1172 1692 portionem·

160 1724 219 1781 qne
246 1704 413 1765 succedere.
458 1704 524 1781 pari
551 1705 668 1764 ratione
697 1709 728 1765 et
751 1705 777 1765 sl
798 1724 892 1781 nepos
914 1705 1050 1781 neptisve
1075 1705 1117 1764 sit
1140 1724 1173 1764 ex

162 1793 224 1854 filio
257 1799 288 1854 et
320 1813 356 1854 ex
387 1797 497 1871 nepote
528 1812 677 1870 pronepos
707 1795 913 1872 proneptisre,
949 1793 1040 1852 simul
1072 1813 1173 1854 omnes

92 1921 93 1924 =
161 1888 309 1943 vocantur
332 1883 370 1943 ad
392 1882 600 1943 hereditatem.
646 1888 677 1943 et
699 1883 772 1960 quia
793 1883 933 1959 placebat
954 1887 1079 1958 nepotes
1102 1902 1172 1960 nep·

158 1973 251 2049 tesve,
274 1972 348 2032 item
370 1973 549 2049 pronepotes
571 1975 769 2048 proneptesre
792 1973 824 2030 in
845 1971 979 2048 parentis
1003 1971 1050 2032 sui
1073 1972 1172 2032 locum

162 2059 334 2139 succedere,
362 2060 541 2122 conveniens
568 2077 633 2119 esse
659 2060 757 2121 visum
785 2064 913 2120 estnon
934 2060 966 2120 in
989 2061 1099 2140 capita,
1124 2059 1174 2121 sed

163 2147 194 2206 in
223 2149 331 2224 stirpes
359 2147 557 2208 hereditatem
585 2148 692 2226 dividi;
714 2149 759 2208 lta
784 2152 821 2209 ut
843 2149 924 2210 filius
945 2152 1064 2226 partem
1088 2149 1173 2208 dimi-

161 2236 241 2295 diam
273 2236 449 2296 hereditatis
481 2237 561 2296 feret
593 2240 623 2296 et
655 2256 691 2297 ex
722 2239 819 2298 altero
850 2238 913 2299 filio
945 2239 1005 2298 duo
1032 2239 1172 2315 pluresve

158 2328 283 2401 nepotes
307 2326 435 2386 alteram
458 2325 613 2385 dimidiam
627 2373 634 2385 .
649 2372 656 2386 .
671 2321 691 2387 .'
729 2325 792 2386 Gai.
808 2329 837 2405 3,
854 2331 881 2388 7.
897 2329 925 2388 8.

247 2415 389 2475 Fortasse
432 2414 559 2475 Sabinus
599 2416 690 2476 huius
732 2417 892 2492 aequitatis
932 2419 963 2475 et
999 2435 1106 2477 suasor
1144 2420 1174 2475 et

157 2506 264 2566 auctor
294 2505 365 2582 fuit,
395 2504 441 2564 ita
468 2508 505 2565 nt
532 2506 568 2564 de
599 2523 634 2565 ea
661 2525 706 2584 re,
735 2504 771 2565 de
799 2525 860 2583 qua
885 2505 966 2581 apud
994 2503 1172 2565 Germaniae

158 2597 263 2672 gentes
295 2594 382 2654 initio
415 2594 527 2654 saeculi
549 2594 622 2654 XVI
654 2595 863 2673 ambigebatur
891 2587 1018 2674 (Stobbe
1045 2595 1172 2654 Rechts·

158 2684 279 2759 quellen
310 2683 341 2742 II
366 2685 428 2744 203
441 2703 483 2760 sq.
543 2683 692 2759 Stintzing
729 2683 1006 2746 Rechtswissensch.
1041 2683 1056 2741 I
1082 2676 1173 2763 167),

156 2771 231 2832 iuris
261 2772 391 2833 consulti
412 2772 540 2832 Romani
567 2773 628 2831 iam
651 2773 737 2833 initio
760 2772 946 2849 principatus
970 2771 1173 2848 disputavisse

153 2861 318 2921 videamus.

247 2981 299 3046 31.
331 2978 495 3044 Plin.h.n.
507 2976 607 3064 7,5,4
622 3009 665 3032 =
681 2978 925 3066 Ge11.3,16‚23.
944 3016 987 3027 -
1005 2979 1173 3045 Masurius

162 3076 274 3133 auctor
306 3072 370 3151 cst,
401 3066 438 3132 L.
464 3067 630 3151 Papirium
658 3072 855 3152 praetorem,
887 3069 1025 3134 secundo
1053 3070 1174 3134 herede

156 3157 229 3240 lege
248 3160 374 3241 agente,
391 3155 550 3221 bonorum
565 3159 801 3240 possessionem
818 3161 930 3222 contra
945 3180 1018 3223 eum
1033 3158 1174 3241 dedisse,

158 3264 232 3307 cum
260 3247 364 3308 mater
391 3247 519 3326 partum
548 3265 582 3308 se
604 3244 687 3310 XIII
715 3246 879 3311 mensibus
902 3247 1023 3311 diceret
1045 3247 1175 3330 tulisse,

159 3332 311 3414 quoniam
358 3330 483 3395 nullum
525 3337 649 3398 certum
690 3338 818 3418 tempus
858 3334 1004 3418 pariendi
1046 3340 1172 3401 statum

155 3419 186 3480 ei
208 3418 379 3482 videretur.

249 3525 335 3595 Quod
364 3527 399 3586 de
428 3527 574 3590 bonorum
597 3532 783 3608 possessione
807 3533 929 3613 dicitur,
955 3554 1016 3594 non
1039 3537 1078 3595 ad
1100 3537 1174 3598 rul-
