2512 3888
158 161 226 223 444
265 159 300 214 H.
328 157 394 213 ΤΙΒ.
414 157 488 214 ann
512 156 640 212 claun.
663 155 800 213 NERON.
818 156 925 213 ΤΕΜΡ.
944 153 1040 209 IURIS
1064 153 1171 211 GONS.

345 318 389 371 De
407 317 443 372 iia
462 333 531 387 quoe
543 333 596 387 per
609 317 828 386 praeceptionem
846 317 980 387 tepenter.

248 407 317 472 ‘Per
348 414 589 490 praeceptionem
620 415 676 472 hoc
708 413 795 473 modo
825 413 973 491 legamus:
1005 411 1039 471 L.
1068 411 1171 471 Titias

160 501 311 562 hominem
334 502 469 562 Stichum
491 496 676 577 praecipito’.
723 500 787 563 Gai.
808 504 836 580 2,
852 504 924 562 216.

250 603 300 668 15.
328 602 399 670 Gai.
419 606 449 686 2,
463 602 537 668 217.
556 604 631 669 218.
655 639 697 650 -
721 604 877 670 ..nostri
897 652 925 667 ..
944 603 1170 686 praeceptores

161 693 242 757 nulli
257 692 312 756 alii
327 714 364 756 eo
378 694 475 758 modo
489 693 591 776 legari
605 713 700 775 posse
714 696 841 775 putant,
858 691 922 756 nisi
939 691 969 755 ei
988 689 1043 774 qui
1062 689 1170 774 aliqua

161 803 200 846 ex
232 785 325 865 parte
354 780 448 846 heres
477 781 616 864 scriptus
644 784 741 864 esset,
774 779 957 865 praecipere
985 778 1071 842 enim
1101 799 1170 842 esse

160 869 369 954 praecipuum
389 891 528 952 sumere3
551 868 635 955 quod
654 872 781 934 tantum
799 868 833 932 in
854 868 921 933 eius
941 888 1080 952 persona
1099 888 1170 949 pro·

161 957 244 1023 cedit
271 959 327 1043 qui
355 959 464 1042 aliqua
492 979 530 1021 ex
557 961 648 1041 parte
675 957 769 1022 heres
797 957 964 1022 institutus
993 958 1058 1038 est,
1086 953 1171 1038 quod

159 1047 188 1110 is
225 1051 316 1112 extra
351 1047 534 1131 portionem
566 1045 755 1110 hereditatis
787 1045 995 1129 praecipuum
1026 1044 1170 1128 legatum

159 1135 331 1200 habiturus
368 1135 420 1200 sit.
472 1134 606 1219 ideoque
643 1135 671 1198 si
704 1137 856 1199 extraneo
888 1133 1032 1218 legatum
1065 1131 1172 1214 fuerit,

160 1223 275 1288 inutile
299 1226 349 1287 est
371 1224 525 1307 legatum,
548 1224 626 1288 adeo
650 1226 687 1287 ut
706 1220 844 1288 Sabinus
868 1223 1110 1302 existimaverit,
1132 1242 1171 1284 ne

161 1312 289 1396 quidem
317 1333 356 1376 ex
384 1310 561 1395 <senatus>
591 1312 738 1376 consulto
761 1310 945 1376 Neroniano
973 1330 1069 1392 posse
1100 1330 1171 1374 con-

161 1402 334 1484 valescere3
352 1421 427 1464 nom
441 1421 482 1480 eo,
500 1401 614 1485 inquit,
631 1405 756 1465 senatus
770 1401 904 1465 consulto
917 1420 953 1464 co
967 1403 1090 1462 tontum
1104 1417 1172 1462 coa-

160 1491 329 1573 ermenteo
345 1510 423 1571 quac
439 1489 598 1554 certunm
616 1490 688 1554 citio
706 1490 774 1553 inre
791 1489 876 1554 cicili
892 1508 955 1552 noa
972 1487 1085 1571 vakai,
1107 1508 1173 1551 non

162 1583 394 1732 lwttwini?
412 1579 522 1731 titt
535 1598 706 1731 Piliam
722 1576 1173 1748 iterateeelslsartr

295 1715 302 1730 .
390 1715 397 1732 .
435 1718 444 1750 ,
635 1715 643 1731 .

162 1755 246 1839 quod
285 1756 333 1820 ita
368 1756 511 1840 legatum
548 1759 597 1820 est
633 1755 723 1819 nulla
758 1752 867 1838 <alia>
899 1752 1023 1817 ratione
1057 1756 1173 1833 putant

162 1865 257 1927 posse
295 1845 446 1928 consequi
482 1865 555 1908 eum
592 1841 644 1908 cui
675 1844 724 1908 ita
755 1842 852 1907 fuerit
883 1843 1040 1927 legatum,
1077 1861 1172 1925 quam

161 1932 278 1997 iudicio
311 1931 455 1996 familiae
488 1931 704 2014 erciscundae,
737 1930 820 2016 quod
853 1931 938 1995 inter
971 1928 1106 1993 heredes
1136 1927 1173 1992 de

162 2019 339 2084 hereditate
370 2019 569 2101 erciscunda,
596 2019 629 2083 id
659 2024 709 2085 est
731 2018 918 2101 dividunda,
946 2018 1049 2102 accipi
1076 2018 1173 2099 solet,

164 2107 271 2171 officio
296 2107 381 2171 enim
403 2106 518 2172 iudicis
541 2107 573 2171 id
598 2109 763 2189 contineri,
786 2111 822 2173 ut
845 2108 875 2172 ei
898 2107 982 2191 quod
1005 2128 1063 2189 per
1085 2128 1174 2191 prac-

163 2195 344 2278 ceptionem
362 2196 505 2278 legatum
525 2199 582 2280 est,
605 2194 811 2262 adiudiaetur.
852 2195 935 2261 unde
953 2193 1174 2280 intellegimus

163 2281 244 2347 nihil
268 2283 356 2348 aliud
381 2284 554 2348 secundum
577 2289 762 2350 nostrorum
786 2287 1028 2369 praeceptorum
1052 2283 1173 2368 opinio·

161 2393 236 2438 nem
264 2393 321 2454 per
347 2373 606 2457 praeceptionem
635 2375 738 2458 legari
761 2394 856 2457 posse
878 2374 942 2436 nisi
966 2370 1052 2456 quod
1075 2375 1174 2436 testa-

161 2461 242 2525 toris
275 2461 332 2543 sit3
360 2462 450 2526 nulla
474 2461 558 2526 enim
583 2463 647 2527 alia
669 2485 720 2527 res
744 2484 840 2547 quam
862 2459 1058 2526 hereditaria
1081 2459 1175 2525 dedu·

162 2549 246 2614 citur
272 2550 307 2615 in
334 2549 396 2615 hoc
422 2550 584 2616 iudicium.
633 2551 741 2635 itaque
770 2552 797 2614 si
825 2572 891 2614 non
920 2571 1012 2613 suam
1039 2570 1110 2613 rem
1137 2569 1175 2612 eo

163 2639 258 2704 modo
281 2643 420 2704 testator
442 2640 608 2726 legaverit,
632 2641 700 2705 iure
720 2687 749 2704 ..
768 2638 855 2704 civili
874 2638 987 2702 inutile
1007 2638 1070 2702 erit
1087 2637 1174 2722 lega·

163 2731 232 2792 tum
332 2729 439 2812 aliquo
467 2732 577 2794 tamen
600 2749 676 2794 casu
700 2730 798 2792 etiam
822 2727 960 2792 alienam
982 2747 1049 2790 rem
1074 2725 1177 2811 (per)

163 2817 422 2900 praeceptionem
440 2817 542 2901 legari
560 2838 655 2901 posse
674 2817 826 2897 fatentur,
844 2815 946 2880 veluti
965 2815 992 2878 si
1011 2815 1084 2898 quis
1104 2836 1176 2878 eam

163 2926 231 2969 rem
254 2904 420 2988 legaverit,
443 2927 537 2984 quam
561 2904 711 2968 creditori
734 2905 869 2969 fiduciae
892 2925 988 2968 causa
1011 2903 1177 2986 mancipio

162 2991 300 3077 dedant,
318 3014 395 3057 nam
415 2992 523 3058 officio
541 2992 655 3058 iudicis
675 2992 846 3058 coheredes
865 2993 938 3077 cogi
956 3011 1051 3075 posse
1067 2990 1177 3056 existi·

163 3085 254 3145 mant
278 3081 387 3146 soluta
408 3081 542 3165 pecunia
564 3081 654 3145 luere
678 3103 749 3147 eam
773 3104 851 3165 rem,
872 3085 910 3145 ut
928 3079 1033 3163 possit
1052 3081 1178 3168 ppaeci·

161 3190 237 3252 pere
261 3169 288 3233 is
312 3171 363 3234 cui
385 3170 433 3232 ita
456 3169 600 3253 legatum
624 3172 674 3236 sit.

504 3325 550 3379 Dc
563 3328 715 3396 partitione
733 3329 830 3398 tapeta.

251 3418 297 3477 De
324 3420 486 3493 partitione
512 3421 614 3497 legata
642 3423 782 3482 dixerunt
810 3421 843 3492 Q.
872 3421 988 3481 Mucius
1016 3413 1047 3498 (I
1065 3442 1093 3498 p.
1110 3415 1180 3502 82),

164 3499 269 3561 Gallus
292 3499 334 3583 (p.
352 3498 439 3587 119),
463 3506 584 3568 Servius
603 3503 646 3590 (p.
663 3505 751 3589 221),
774 3509 879 3570 Ofilius
899 3501 944 3590 (p.
960 3501 1051 3590 335),
1075 3511 1181 3570 Labeo
