2508 3896
157 151 222 218 558
258 152 293 208 II.
320 151 388 208 TIB.
412 150 488 206 GAII
509 149 640 218 CLAUD.
664 149 1045 206 accommodamus
1066 149 1167 208 CONS.

156 339 240 380 cessa
266 311 376 396 (esset.
420 319 565 395 usucapio
592 314 715 400 autem>
741 297 899 378 mobilium
925 319 1046 395 quidem
1070 340 1169 381 rerum

157 427 234 468 anno
258 408 422 483 conpletur,
445 408 531 467 fundi
553 427 624 469 vero
648 411 679 468 et
700 409 819 468 aedium
836 408 967 485 bienni03
991 412 1023 469 ct
1040 409 1087 470 ita
1103 411 1169 486 legs

155 496 215 557 XII
237 497 410 556 tabularum
433 500 554 556 cautum
577 491 643 557 est'

245 579 397 646 ‘Ceterum
416 587 508 645 etiam
526 605 629 646 aarum
647 605 747 646 rerum
767 586 909 662 usucapio
925 586 1011 646 nobis
1026 587 1168 666 conpetit,

157 692 233 752 quae
260 693 320 745 non
347 693 365 732 a
392 674 512 734 domino
538 675 624 735 nobis
646 674 776 734 traditae
798 675 925 752 fuerint,
952 675 1016 735 sive
1038 676 1168 752 mancipi

157 763 218 822 sint
241 782 293 822 eae
315 781 363 822 res
388 763 449 822 sive
471 782 526 822 nec
548 764 687 840 mancipi,
711 763 737 823 si
759 764 847 823 modo
871 782 920 822 eas
944 764 1024 822 bona
1044 764 1104 824 fide
1122 784 1166 824 ac·

152 852 331 928 peperimus,
346 871 413 911 cum
423 853 610 912 crederemus
621 872 689 910 eum
699 852 750 930 qui
759 852 903 930 traderet,
917 852 1073 912 dominum
1084 847 1166 913 essa'

246 935 316 1000 ‘Sed
335 941 495 1018 aliquando
514 942 634 1000 etiamsi
651 941 780 1000 maxime
795 941 862 1017 quis
876 941 955 1000 bona
969 941 1027 1000 fide
1042 942 1167 1001 alienam

156 1049 219 1089 rem
242 1029 407 1106 possideat,
429 1048 490 1089 non
511 1031 613 1088 tamen
635 1030 683 1088 illi
703 1029 846 1104 usucapio
869 1030 1013 1107 procedit,
1036 1031 1123 1091 velut
1143 1031 1168 1090 si

158 1118 224 1196 quis
247 1138 311 1177 rem
333 1118 478 1178 furtivam
496 1121 549 1177 aut
566 1119 597 1178 vi
615 1137 785 1194 possessam
802 1118 967 1195 possideat;
990 1137 1063 1178 nam
1081 1119 1166 1179 furti·

155 1225 225 1267 vem
251 1208 300 1266 lex
326 1206 386 1265 XII
412 1208 584 1267 tabularum
610 1208 734 1283 usucapi
761 1207 912 1285 prohibet,
943 1208 973 1268 ri
999 1226 1167 1283 possessam

156 1297 204 1355 lex
217 1295 297 1355 Iulia
315 1299 346 1354 et
359 1294 487 1355 Plautia.
524 1296 597 1355 item
614 1296 808 1372 provincialia
820 1295 943 1373 praedia
957 1298 1168 1373 usucapionem

154 1404 215 1445 non
242 1384 398 1460 recipiunt.
444 1379 538 1462 <item
561 1380 654 1464 olim>
675 1385 811 1444 mulieris
834 1404 911 1463 quae
933 1385 965 1444 in
989 1390 1167 1462 agnatorum

155 1474 253 1533 tutela
271 1477 344 1549 erat,
362 1491 410 1532 res
428 1473 558 1551 mancipi
575 1475 698 1550 usucapi
716 1493 776 1534 non
792 1492 831 1550 po
832 1477 940 1548 terant,
959 1477 1167 1551 praeterquam

157 1562 183 1621 si
202 1563 266 1621 ab
257 1565 356 1638 rpsot
342 1565 443 1622 tutore
463 1558 553 1641 <auct
555 1557 642 1710 ore>t
646 1562 740 1622 tradit
727 1567 777 1622 tae
796 1565 908 1636 essent3
929 1562 1021 1638 idque
1039 1563 1085 1622 ita
1104 1564 1166 1641 legs
1237 1613 1238 1620 ,

156 1650 215 1710 XII
236 1651 409 1710 tabularum
432 1655 553 1711 cautum
577 1654 650 1710 erat.
691 1652 764 1710 item
787 1651 897 1711 liberos
917 1652 1052 1712 homines
1072 1654 1104 1711 et
1120 1670 1167 1711 res

157 1757 257 1800 sacras
291 1743 321 1799 et
351 1739 508 1818 religiosas
539 1739 666 1816 usucapi
691 1758 752 1798 non
779 1758 865 1816 posse
893 1740 1088 1800 manifestum
1116 1743 1166 1800 est

156 1829 235 1905 quod
264 1847 335 1908 ergo
364 1829 456 1907 vulgo
485 1828 594 1888 dicitur
619 1829 800 1889 furtivarum
823 1847 925 1888 rerum
948 1832 978 1888 st
1000 1830 1031 1890 vi
1055 1847 1168 1906 posses·

158 1934 258 1976 sarum
282 1918 496 1994 usucapionem
517 1937 572 1995 per
594 1918 692 1994 legem
714 1917 773 1976 XII
795 1918 966 1976 tabularum
985 1919 1167 1995 prohibitam

158 2022 231 2080 esse,
249 2025 308 2065 non
327 2025 361 2066 eo
379 2007 520 2082 pertinet,
539 2010 574 2067 ut
589 2026 626 2066 ne
640 2007 705 2083 ipsc
719 2007 769 2066 fur
782 2007 870 2083 quive
884 2008 1011 2082 pervim
1025 2007 1167 2083 possidet,

156 2111 319 2170 usucapere
350 2096 447 2169 possit
479 2087 563 2176 (nam
594 2096 662 2154 huic
695 2095 756 2154 alia
785 2094 901 2155 ratione
933 2096 1077 2172 usucapio
1110 2113 1168 2155 non

158 2183 304 2258 conpetit,
332 2182 402 2258 quia
430 2184 543 2242 scilicet
567 2185 647 2243 mala
670 2183 727 2243 fide
750 2177 909 2265 possidet),
937 2184 990 2244 sed
1011 2203 1067 2244 nec
1089 2185 1168 2244 ullas

157 2269 245 2346 alius,
268 2289 448 2348 quamquam
470 2273 508 2330 ab
532 2290 566 2331 eo
588 2273 668 2332 bona
690 2273 748 2332 fide
772 2273 886 2352 emerit,
908 2273 1105 2349 usucapiendi
1121 2274 1167 2332 ius

156 2358 275 2419 habeat.
320 2360 400 2420 unde
422 2360 454 2419 in
472 2363 562 2420 rebus
585 2361 745 2421 mobilibus
768 2381 827 2421 non
849 2361 938 2421 facile
960 2362 1112 2439 procedit,
1133 2365 1169 2421 ut

157 2448 253 2507 bonae
275 2448 345 2508 fidei
363 2450 528 2525 possessori
545 2450 689 2526 usucapio
709 2453 859 2528 conpetat,
881 2450 950 2526 quia
969 2452 1020 2526 qui
1039 2451 1168 2511 alienam

156 2557 219 2598 rem
247 2537 381 2598 vendidit
410 2543 441 2599 et
462 2538 596 2618 tradidit,
618 2540 734 2598 furtum
759 2540 932 2616 committIt3
958 2539 1098 2616 idemque
1122 2559 1168 2598 ao-

156 2627 229 2686 cidit
251 2628 342 2686 etiam
365 2628 391 2686 si
414 2647 449 2686 ex
472 2628 533 2687 alia
555 2647 644 2688 causa
666 2628 805 2687 tradatur
824 2677 829 2688 .
846 2673 852 2686 .
868 2622 887 2688 .'

245 2709 355 2775 ‘Fundi
382 2735 499 2793 quoque
528 2703 617 2776 aliani
643 2719 744 2793 potest
772 2717 878 2793 aliquis
907 2716 969 2776 sine
992 2715 1023 2776 vi
1046 2735 1168 2795 posses-

155 2802 269 2864 sionem
286 2804 424 2881 nancisci,
447 2824 523 2882 quae
541 2806 590 2865 vel
608 2825 644 2864 ex
661 2805 853 2883 neglegentia
871 2805 983 2864 domini
1001 2809 1098 2882 vacet,
1118 2806 1167 2865 vel

154 2893 226 2969 quia
248 2893 385 2952 dominus
408 2894 472 2954 sine
491 2912 660 2954 successore
678 2894 837 2954 decesserit
855 2894 903 2954 vel
922 2895 1010 2972 longo
1029 2897 1167 2971 tompore

154 2981 277 3058 afuerit3
305 3002 394 3058 quam
422 2983 448 3041 si
475 2982 513 3041 ad
540 2982 632 3042 alium
659 2983 738 3042 bona
765 2983 822 3042 fide
851 2983 1044 3059 accipientem
1068 2986 1166 3043 trans-

153 3071 267 3146 aderit,
277 3071 390 3146 poterit
398 3089 559 3149 usucapere
569 3064 744 3149 possessor'
767 3071 831 3131 Gai.
839 3074 867 3148 2,
873 3073 1013 3132 41-43.
1022 3073 1166 3132 45-51.

243 3155 272 3217 9.
310 3153 349 3218 D.
372 3154 425 3240 50,
446 3155 495 3238 16,
518 3156 593 3220 215.
651 3155 770 3220 Paulus
807 3155 890 3221 libro
928 3155 1087 3240 singulari
1125 3155 1166 3220 ad

153 3241 258 3326 legem
284 3206 425 3307 Fufiam
437 3242 606 3310 Caniniam
635 3241 685 3330 (P
704 3240 859 3331 926).-
884 3244 923 3310 Ιιι
951 3245 1022 3329 lege
1051 3243 1167 3310 Atinia

153 3328 188 3392 in
209 3333 319 3412 potest
320 3335 405 3395 atem
430 3332 552 3398 domini
574 3354 643 3398 rem
666 3333 820 3398 furtivam
844 3333 969 3398 venisse
992 3332 1111 3418 videri,
1134 3337 1168 3396 et

155 3417 182 3478 si
210 3418 280 3481 eius
307 3419 518 3485 vindicandae
546 3425 742 3504 potestatem
769 3422 932 3506 habuerit,
963 3420 1105 3488 Sabinus
1133 3425 1169 3486 et
1231 3433 1232 3498 t

154 3498 284 3567 Cassius
307 3507 406 3572 aiunt

1230 3501 1232 3549 I
