2506 3880
406 181 431 230 7.
454 175 493 230 Μ.
509 174 700 232 ANTISTIUS
718 175 838 232 LABEO
1065 176 1128 242 125

112 339 263 425 postulat
284 339 319 403 in
342 338 428 404 bone
450 339 606 404 debitoris
630 361 663 404 se
687 340 788 422 mitti,
815 341 996 426 quaeritur,
1018 344 1129 406 utrum

114 428 205 494 solus
228 429 257 492 is
282 427 338 513 qui
355 427 440 510 petit
457 427 623 512 possidere
642 431 758 512 potest,
782 451 832 513 an,
855 451 928 494 cum
946 451 1029 496 unus
1047 431 1131 515 petit
1192 465 1193 468 ¹

114 521 151 582 et
177 520 313 601 praetor
345 517 507 598 permisit,
535 517 686 582 omnibus
710 517 922 583 creditoribus
946 519 1053 584 aditus
1077 520 1129 586 sit.

113 609 151 671 et
176 604 379 671 commodius
407 605 538 689 dicitur,
572 626 646 670 cunr
673 610 806 691 praetor
832 608 1030 693 permiserit,
1061 630 1128 674 non

1 732 5 739 ·
110 698 185 760 tam
208 714 367 779 personae
390 694 489 758 solius
512 694 662 779 petentis,
685 716 782 778 quam
806 694 1016 762 oreditoribus
1040 699 1073 762 et
1094 697 1129 762 in

114 805 187 848 rem
209 783 403 867 permissum
427 783 543 848 videri:
566 783 652 867 quod
676 786 709 848 et
729 782 838 848 Labeo
860 787 964 868 putet.

373 957 421 1017 De
442 958 642 1018 instrumentis
664 959 871 1032 copnoecendt'e.

207 1065 281 1132 165.
305 1065 344 1131 D.
362 1066 415 1150 42,
428 1065 459 1150 5,
476 1066 526 1146 15,
542 1066 571 1132 1.
616 1065 776 1152 Ulpianus
799 1066 883 1132 libro
907 1067 1129 1152 sexagensimo

114 1154 259 1221 secundo
287 1155 328 1219 ed
356 1154 494 1221 edictum
521 1152 572 1242 (P.
592 1152 719 1244 142112).
746 1193 789 1203 -
816 1154 934 1221 Utrum
963 1157 1061 1221 semel
1089 1180 1130 1223 an

114 1245 216 1310 etiam
242 1244 372 1328 saepius
395 1244 576 1328 recognitio
599 1249 632 1309 et
655 1244 837 1330 dispunctio
860 1245 1065 1310 concedenda
1088 1247 1131 1312 sit

115 1333 347 1417 creditoribus,
373 1333 548 1398 videamus.
594 1335 628 1398 et
655 1334 703 1399 ait
730 1333 838 1398 Labeo
866 1334 1005 1418 amplius
1032 1356 1130 1419 quam

117 1423 219 1488 semel
246 1444 314 1487 non
342 1443 412 1487 esse
439 1421 689 1487 concedendam:
718 1424 746 1488 si
769 1423 842 1507 quis
864 1426 989 1507 tamen,
1015 1424 1131 1510 inquit,

117 1511 276 1577 iuraverit
310 1532 378 1577 non
414 1511 594 1576 calumniae
631 1533 729 1576 causa
765 1533 800 1576 se
830 1512 996 1595 postulare
1028 1520 1131 1599 neque

116 1599 238 1666 habere
270 1621 351 1684 quae
383 1599 598 1684 dispunxerit,
629 1600 746 1665 iterum
779 1600 809 1664 ei
836 1600 1016 1666 faciendam
1041 1605 1132 1687 pote·

117 1692 239 1754 statem
263 1689 309 1754 eit
331 1710 390 1754 nec
414 1689 552 1772 amplius
576 1710 674 1772 quam
698 1689 758 1753 bis.
834 1719 837 1726 ·

310 1862 394 1939 Quae
415 1864 614 1936 fraudationis
635 1881 727 1924 causo
745 1867 827 1938 cesta
849 1867 941 1924 erum

211 1973 284 2038 166.
307 1970 347 2039 D.
365 1973 418 2058 42,
433 1974 463 2058 8,
477 1973 507 2057 6,
521 1973 550 2038 6.
599 1971 758 2057 Ulpianus
790 1974 873 2039 libro
907 1974 1131 2061 sexagensimo

118 2063 211 2128 sexto
235 2060 277 2126 ad
300 2061 441 2126 edictum
458 2058 510 2148 (P.
525 2059 650 2148 14510).
667 2097 709 2109 -
727 2062 825 2147 Apud
845 2060 1030 2129 Labeonem
1056 2064 1133 2130 scri-

117 2155 215 2236 ptum
231 2156 281 2215 est
294 2172 377 2236 eum,
396 2151 452 2236 qui
466 2172 560 2216 suum
574 2151 719 2234 recipiat,
731 2152 855 2217 nullam
871 2152 973 2218 videri
986 2152 1132 2219 fraudem

119 2243 237 2322 facere,
258 2239 322 2305 hoc
345 2243 395 2305 est
418 2260 501 2324 eum,
527 2240 582 2324 qui
605 2240 691 2324 quod
714 2242 776 2306 sibi
799 2241 933 2307 debetur
955 2245 1133 2326 receperat:

118 2349 197 2394 eum
220 2329 319 2412 enim,
347 2350 443 2413 quem
465 2325 610 2412 praetor¹
632 2329 771 2396 invitum
798 2332 923 2397 solvere
947 2337 1058 2417 cogat,
1084 2333 1131 2396 in·

116 2437 208 2502 pune
229 2439 295 2482 non
319 2417 443 2482 solvere
467 2418 613 2502 iniquum
635 2439 720 2484 esse:
749 2423 855 2484 totum
879 2419 964 2485 enim
987 2421 1049 2487 hoc
1071 2421 1134 2485 edi-

119 2509 211 2572 ctum
230 2505 271 2570 ed
290 2509 475 2571 contractus
493 2507 664 2592 pertinere,
681 2507 716 2570 in
734 2506 850 2591 quibus
869 2530 903 2573 se
921 2511 1055 2594 praetor
1067 2531 1133 2576 non

119 2595 317 2680 interponit,
338 2598 376 2660 ut
398 2598 478 2679 puta
499 2594 533 2679 pi
581 2617 638 2660 ora
659 2595 933 2680 venditionesque.

214 2680 286 2750 167.
304 2681 345 2748 D.
360 2683 435 2748 ibid.
449 2684 523 2764 §10
554 2684 586 2748 Ρ.
597 2679 709 2771 1452).
722 2720 765 2730 -
781 2681 905 2768 Siquid
922 2705 995 2749 cum
1009 2686 1133 2768 pupillo

1 2803 2 2810 .
117 2774 251 2858 gestum
279 2772 324 2836 sit
351 2772 385 2836 in
412 2771 559 2838 fraudem
586 2771 793 2856 creditorum,
822 2771 931 2838 Labeo
959 2773 1006 2838 ait
1032 2775 1134 2838 omni·

117 2860 219 2926 modo
251 2859 480 2946 revocandum,
512 2861 541 2926 si
571 2859 714 2927 fraudati
746 2862 812 2927 sint
838 2863 1027 2948 creditores,
1059 2863 1135 2948 quia

115 2948 241 3038 pnpilli
271 2950 470 3034 ignorantia,
501 2971 583 3034 quae
610 2972 668 3037 per
695 2954 836 3017 aetatem
863 2951 1038 3038 contingit,
1070 2973 1135 3018 non

1 3123 2 3126 Ἴ
117 3039 221 3104 debet
244 3059 314 3103 esse
337 3037 484 3124 captiosa
507 3039 717 3105 creditoribus
741 3044 775 3105 et
795 3041 859 3127 ipsi
882 3042 1018 3107 lucrosa.

217 3127 288 3193 168.
314 3127 354 3192 D.
369 3127 444 3192 ibid.
460 3129 480 3208 ἕ
497 3128 545 3193 12.
569 3164 612 3174 -
711 3133 886 3216 quaeritur,
908 3131 937 3195 si
959 3152 1070 3196 servus
1094 3130 1135 3194 ab

1 3283 2 3292 ,
117 3237 162 3280 eo
191 3215 245 3298 qui
268 3215 420 3282 solvendo
442 3217 580 3298 nonsit,
603 3217 774 3301 ignorante
793 3217 922 3283 domino
941 3218 1011 3304 ipse
1030 3219 1135 3285 sciens

115 3325 196 3369 rem
225 3305 395 3389 acceperit,
425 3326 467 3369 en
495 3306 644 3370 dominus
671 3309 844 3372 teneretur.
894 3310 927 3371 et
954 3309 1001 3372 ait
1026 3308 1137 3375 Labeo
1166 3333 1169 3340 ⁴

118 3391 281 3458 hactenus
304 3415 378 3459 eum
400 3394 512 3472 teneri,
535 3398 572 3458 ut
595 3395 748 3458 restituet
771 3395 857 3479 quod
877 3394 917 3460 ad
936 3419 970 3462 se
988 3399 1137 3483 pervenit

203 3551 217 3598 1
236 3547 285 3606 Fr.
303 3565 424 3619 praeses.
533 3573 535 3576 ·
