2580 3888
193 147 258 212 382
299 147 332 201 II.
358 145 426 234 Tlli.
450 145 525 200 GAII
548 145 677 202 CLAUD.
701 145 837 202 NERON.
854 145 961 202 ΤΕΜΡ.
979 146 1076 202 IURIS
1101 145 1204 204 CONS.

266 443 267 448 Ν
298 361 302 370 ’
376 367 459 427 vni.
481 335 531 426 ne
555 367 666 458 furas
690 368 786 427 isser
808 321 1019 446 singularis.
1043 358 1045 364 “

280 499 437 561 Laudatur
463 519 482 559 a
509 499 606 560 Gellio
632 503 688 578 11,
703 503 760 578 18,·
773 503 828 559 12:
858 495 973 561 ‘Sabini
988 501 1137 577 librum,
1153 503 1200 562 eni

191 590 301 649 titulus
329 592 376 649 est
403 591 438 649 de
461 585 573 649 'furtis'
590 631 592 634 -
609 590 721 666 itaque
744 609 804 649 non
827 589 902 649 iuris
926 591 1022 650 civilis
1044 591 1199 664 librorum,

192 679 248 738 etsi
283 678 315 737 in
349 679 396 738 his
429 698 547 756 qnoque
579 679 615 738 de
644 679 734 738 furtis
761 679 929 756 agebatur,
949 697 1019 753 pars
1046 679 1200 749 habendus

190 771 244 827 est.
290 767 423 827 eiusdem
450 767 621 846 argumenti
648 767 754 827 libros
770 785 838 826 eum
865 787 951 827 nemo
979 768 1059 827 inter
1086 771 1198 828 eeteros

189 856 263 916 iuris
292 847 456 932 consultos,
485 859 631 933 quantum
659 857 781 930 seimus,
814 855 956 932 ediderit,
985 855 1129 915 Sabinum
1156 876 1199 935 ea,

190 965 266 1022 quae
294 945 394 1005 Labeo
423 945 459 1004 de
487 945 586 1004 furtis
606 946 765 1020 docuerat,
792 945 977 1004 emendanda
1004 945 1062 1004 sibi
1094 965 1199 1022 propo-

189 1035 283 1094 suisse
303 1034 580 1110 suspiceristeerte
598 1052 659 1093 non
670 1034 765 1096 ¹modo
784 1034 816 1092 in
833 1035 909 1093 furti
932 1035 1014 1094 vocis
1033 1035 1198 1112 veriloquio

189 1126 219 1182 et
241 1123 363 1183 notione
388 1124 451 1182 eius
474 1122 577 1182 delicti
600 1121 785 1198 definienda„
806 1123 858 1182 sed
882 1123 974 1182 etiam
995 1123 1199 1183 infurtorum

188 1212 347 1291 generibus
367 1211 584 1271 constituendis
603 1230 622 1270 a
640 1210 778 1270 Labeone
797 1213 931 1272 recessit.
972 1212 1052 1271 idem
1071 1212 1198 1271 fortasse

187 1302 289 1380 legum
302 1301 505 1360 Romanarum
524 1299 559 1358 de
578 1300 668 1360 furtis
687 1302 847 1376 praecepta
862 1300 954 1359 etiam
974 1299 1012 1359 ad
1025 1301 1199 1377 peregrinos

188 1391 339 1450 interdum
371 1389 528 1449 transferri
560 1392 591 1448 et
622 1407 708 1465 posse
724 1423 726 1428 ·
741 1391 772 1448 et
800 1388 907 1466 debere
924 1425 925 1428 =
941 1389 1049 1449 docuit.
1106 1387 1199 1448 Gaius

188 1479 308 1556 quidem
327 1480 411 1557 4,.11Ι
430 1477 485 1538 ait:
505 1472 622 1538 ‘civitas
641 1479 775 1537 Romana
790 1478 949 1556 peregrino
967 1477 1102 1555 fingitur,
1119 1479 1145 1537 si
1163 1497 1198 1538 eo

190 1568 309 1627 nomine
324 1570 396 1644 agat
410 1570 464 1627 sut
478 1585 546 1626 cnm
560 1586 594 1626 eo
614 1570 732 1645 agatur,
750 1585 809 1642 quo
824 1567 943 1626 nomine
956 1567 1066 1626 nostris
1080 1567 1199 1644 legibus

187 1657 265 1716 aetio
294 1657 457 1716 constituta
487 1660 546 1734 est,
579 1657 605 1716 si
631 1657 719 1716 modo
747 1655 860 1714 iustum
889 1655 929 1714 sit
956 1674 1022 1714 eam
1050 1656 1198 1715 actionem

187 1745 279 1804 etiarn
302 1745 341 1804 ad
363 1745 554 1824 peregrinum
574 1745 762 1804 extendi...
781 1748 865 1816 item
877 1744 903 1804 si
925 1744 1101 1822 peregrinus
1112 1745 1199 1810 ‚furti

186 1839 271 1912 agat,
299 1835 405 1914 civitas
434 1835 462 1893 ei
484 1833 619 1893 Romana
640 1827 785 1910 fingitur.'
815 1825 1024 1912 ¹monendum*
1043 1837 1090 1893 est
1118 1834 1200 1910 apud

187 1928 302 1983 veteres
330 1922 497 2000 Aegyptios
524 1923 607 1981 furta
635 1922 741 2004 omnia¹
763 1922 857 1982 fuisse
873 1922 969 1982 ,licita
1000 1927 1031 1980 et
1057 1922 1198 1998 inpunita

186 2003 501 2092 (Gell.11,18,16)
534 2013 565 2069 et
595 2001 749 2070 Iudaicam
781 2009 928 2088 Sibyllam
965 2010 1003 2070 ob
1035 2029 1103 2070 eam
1134 2030 1198 2070 rem

184 2099 406 2176 Aegyptiorum
420 2099 491 2158 deos
504 2098 635 2158 ludibrio
653 2099 799 2159 habuisse.
837 2099 986 2159 Friedlieb
999 2100 1107 2178 fragm.
1121 2120 1151 2176 p.
1170 2103 1198 2161 7.

186 2188 222 2247 ef.
247 2187 403 2262 Sahuerer,
427 2187 602 2246 Geschiehte
627 2179 663 2268 Ii¹
677 2208 706 2264 p.
727 2190 766 2248 51
784 2205 847 2265 sqq.

274 2293 318 2353 De
341 2293 517 2371 fragmentis
536 2293 606 2353 huia
624 2293 660 2352 de
680 2287 739 2372 quo
758 2295 875 2378 agimus
900 2294 977 2354 libro
996 2293 1198 2355 attribuendis

184 2382 317 2442 dubitari
348 2384 473 2459 potest,
494 2383 672 2459 praesertim
705 2402 773 2442 eum
804 2382 934 2443 Sabinus
965 2385 1086 2460 praeter
1122 2384 1199 2443 iuris

184 2471 281 2532 civilis
304 2471 397 2531 libros
421 2472 513 2530 etiam
536 2472 567 2554 in
589 2461 678 2532 libris
698 2471 736 2532 ad
759 2471 889 2548 edietum
917 2472 1065 2547 praetoris
1087 2472 1199 2532 urbani

183 2561 219 2620 de
246 2561 336 2621 furtis
360 2561 469 2620 dixisse
491 2561 640 2621 videatur.

273 2681 314 2747 1?
334 2682 372 2746 D.
386 2683 443 2766 41,
458 2682 488 2766 2,
504 2682 581 2765 lpr.
629 2681 747 2746 Paulus
774 2681 857 2745 libro
885 2679 1076 2765 frigensimo
1103 2700 1196 2745 nono

182 2771 222 2834 ad
246 2771 385 2836 edictum
406 2770 456 2856 (P.
469 2769 559 2856 563).
579 2806 621 2817 —
641 2769 776 2834 Furtum
801 2792 820 2833 a
843 2769 946 2851 furuo,
970 2767 1002 2831 id
1027 2771 1076 2832 est
1098 2767 1198 2852 nigro

182 2859 303 2924 dietum
317 2858 425 2923 Labeo
445 2859 500 2941 ait,
519 2858 604 2943 quod
623 2858 705 2923 alam
725 2861 758 2921 et
772 2858 908 2922 obscuro
928 2857 987 2922 fiat
1006 2859 1039 2920 et
1052 2857 1199 2940 plerum·

183 2969 243 3031 que
266 2958 374 3029 noete,
397 2947 447 3010 vel
471 2968 490 3009 a
514 2946 635 3031 fraude,
658 2949 694 3010 ut
717 2943 857 3010 Sabinus
880 2947 936 3010 ait.

271 3062 313 3126 2?
336 3059 618 3144 Gell.11‚18,11.
640 3096 678 3106 -
699 3059 906 3142 Manifestum
925 3112 932 3126 .
949 3111 955 3125 .
970 3110 977 3125 .
994 3060 1117 3141 1111111111
1143 3065 1201 3145 est,

180 3153 218 3214 nt
242 3151 288 3214 ait
305 3149 476 3233 Masurius,
498 3150 580 3232 quod
600 3149 846 3234 deprehenditur,
868 3151 943 3215 dam
969 3151 1013 3232 fit.
1056 3149 1203 3231 faciendi

181 3239 255 3320 sinis
278 3245 330 3321 est,
353 3259 422 3303 eura
438 3239 597 3320 perlatum
619 3244 670 3323 ast,
692 3260 751 3322 quo
772 3238 852 3320 ferri
874 3243 1017 3321 coeperat.

270 3331 379 3410 Gai3,
397 3334 459 3392 184
479 3325 683 3392 ‘Manifestum
702 3333 818 3392 furtum
836 3333 959 3410 quidam
977 3332 1008 3390 id
1027 3350 1092 3391 esse
1112 3332 1202 3392 dixe-

181 3420 268 3495 runt,
300 3420 380 3496 quod
412 3420 484 3478 dum
513 3421 561 3496 fit,
593 3421 830 3498 deprehenditur.
878 3422 929 3480 alii
955 3439 1026 3481 vero
1053 3421 1204 3500 ulterius,

184 3507 265 3580 quod
288 3525 322 3566 eo
346 3509 410 3567 loco
435 3507 675 3587 deprehenditur,
697 3509 750 3568 ubi
773 3509 816 3584 fit,
845 3511 940 3569 veluti
968 3509 994 3569 si
1021 3508 1051 3568 in
1081 3510 1203 3572 oliveto
