2580 3888
149 173 214 239 310
249 175 269 230 1.
294 173 446 230 Ascuris
465 173 622 251 AUGUSTI
642 175 690 230 ET
709 175 844 230 'l'lBERlI
862 176 958 231 IURIS
978 176 1155 234 CONSULTI

148 337 194 421 id,
226 337 311 421 quod
344 337 490 403 dominus
523 339 621 404 semel
654 338 784 405 deduxit
819 360 891 404 cum
924 340 1156 422 conveniretur,

148 448 257 491 rursus
282 426 309 491 si
332 427 552 511 conveniatur,
585 428 622 492 de
645 427 771 512 peculio
798 428 937 493 eximere
960 429 1088 511 debeat,
1116 452 1157 494 an

149 536 224 579 vero
243 514 343 580 veluti
362 515 504 581 solutum
524 517 553 580 ei
572 517 719 581 rideatur
737 517 835 581 semel
854 517 941 582 facta
960 517 1156 583 deductione.

149 607 181 668 et
207 601 359 668 Neratius
387 608 420 668 et
442 602 552 670 Nerva
583 609 709 689 putant,
809 606 837 670 si
865 606 993 690 quidem
1022 607 1157 692 abstulit

149 692 211 757 hoc
238 692 277 758 de
303 693 442 776 peculio,
473 715 539 759 non
568 693 683 758 debere
711 694 836 777 deduci,
864 696 890 758 si
919 717 994 760 vero
1023 695 1156 761 eandem

147 782 343 865 positionem
366 781 484 865 peculii
506 783 649 867 reliquit,
672 783 787 848 debere
810 805 883 848 enm
907 783 1067 850 deducere.

406 964 453 1023 Ne
475 966 544 1038 qaid
564 967 597 1024 in
620 967 678 1025 loco
695 966 813 1040 publico
836 967 897 1039 fiat.

237 1084 287 1148 31.
316 1082 355 1147 D.
373 1083 425 1166 43,
441 1085 470 1166 8,
484 1084 514 1168 2,
529 1085 580 1150 28.
630 1084 789 1170 Ulpianus
821 1085 905 1150 libro
934 1085 1155 1171 sexagensimo

149 1175 264 1236 octavo
288 1172 329 1236 ad
357 1171 496 1236 edictum
519 1170 568 1258 (P.
588 1171 697 1260 1499).
721 1209 763 1222 -
787 1222 814 1238 ..
840 1173 947 1239 Labeo
975 1174 1100 1253 scribit,
1128 1175 1157 1238 si

148 1261 220 1344 quis
239 1260 274 1323 in
298 1281 355 1325 suo
379 1261 426 1325 ita
444 1261 670 1344 aedificaverit,
692 1265 729 1326 ut
748 1284 832 1346 aqua
847 1261 879 1326 in
894 1263 946 1335 via
962 1262 1095 1327 collecta
1108 1285 1155 1327 ro-

148 1351 288 1434 stagnet,
311 1370 376 1413 non
398 1350 503 1414 teneri
526 1372 596 1415 eum
619 1348 799 1436 interdicto,
823 1351 981 1436 quianon
1000 1351 1157 1417 immittat
1264 1405 1266 1408 .

148 1460 274 1523 aquam,
293 1437 348 1502 sed
366 1459 431 1501 non
446 1440 569 1523 recipit.
597 1439 706 1505 Nerva
725 1443 832 1504 autern
853 1488 881 1504 ..
903 1440 1017 1505 scribit
1033 1444 1157 1505 utrum-

149 1548 209 1610 que
223 1527 335 1592 teneri.
367 1527 465 1609 plano
479 1529 508 1592 si
520 1527 638 1593 fundus
654 1530 738 1594 viam
755 1528 918 1612 publicam
938 1529 1106 1613 contingat
1125 1531 1157 1593 et

148 1638 186 1680 ex
223 1637 260 1680 eo
294 1637 378 1701 aqua
410 1616 556 1681 derivata
588 1617 778 1683 deteriorem
810 1617 895 1682 viam
926 1617 1039 1702 faciat,
1076 1639 1156 1702 quae

146 1708 255 1768 tamen
284 1726 368 1789 aqua
396 1726 434 1769 ex
461 1705 558 1771 vicini
586 1707 684 1771 fundo
712 1707 744 1770 in
772 1710 863 1771 tuum
887 1706 1008 1789 veniat,
1037 1706 1064 1770 si
1088 1707 1155 1790 qui·

147 1792 219 1856 dem
241 1815 371 1858 necesse
393 1792 514 1858 habeas
538 1817 609 1860 earn
634 1817 749 1878 aquarn
772 1796 927 1879 recipere,
949 1794 1155 1859 interdictum

149 1881 255 1946 locum
282 1881 415 1946 habebit
442 1883 593 1948 adversus
621 1883 761 1948 vicinum
785 1888 890 1968 tuum,
918 1883 945 1949 si
969 1888 1077 1948 autem
1100 1905 1157 1947 ne-

147 1991 234 2034 cesse
265 1991 330 2034 non
359 1969 415 2048 sit,
443 1993 508 2036 non
534 1973 638 2036 teneri
670 1974 809 2036 vicinum
843 1977 947 2056 tuum,
980 1976 1012 2036 te
1045 1976 1155 2038 tamen

147 2057 260 2141 teneri3
289 2079 360 2122 eum
385 2059 470 2123 enim
493 2059 595 2124 videri
617 2061 739 2125 factum
762 2060 896 2143 habere,
920 2061 975 2146 qui
996 2059 1065 2127 iae
1088 2061 1155 2126 eius

149 2167 252 2230 aquae
275 2145 402 2212 habeat.

235 2235 288 2299 32.
311 2233 349 2299 D.
363 2234 438 2300 ibid.
452 2237 472 2315 ἓ
486 2236 539 2302 28.
560 2274 597 2284 -
617 2235 707 2302 Idem
725 2236 834 2302 Nerva
856 2237 977 2320 scribit,
1002 2237 1029 2302 si
1047 2241 1153 2304 tecum

147 2323 317 2389 interdicto
337 2327 461 2408 agatur,
479 2324 560 2389 nihil
580 2325 664 2390 ultra
681 2329 715 2390 te
734 2325 837 2391 facere
852 2325 1039 2411 cogendum,
1058 2347 1155 2410 quarn
1270 2395 1278 2404 ι

147 2416 184 2476 ut
207 2413 365 2477 arbitratu
389 2413 456 2477 eius
480 2413 536 2499 qni
559 2418 664 2479 tecum
693 2416 855 2498 experitur
878 2435 950 2479 cum
973 2416 1079 2481 ricino
1104 2437 1155 2480 ex·

147 2501 293 2588 periaris3
332 2505 473 2566 ceterum
509 2502 606 2568 aliter
642 2504 887 2570 observantibus
924 2504 1082 2588 futurum,
1119 2508 1156 2569 ut

147 2592 286 2655 tenearis
318 2589 430 2671 etiam,
463 2591 490 2656 si
517 2591 582 2656 iam
611 2592 698 2658 bona
725 2592 787 2657 fide
816 2614 887 2658 cnm
916 2592 1023 2658 vicino
1051 2594 1155 2679 egeris

147 2700 250 2765 neque
278 2701 335 2764 per
362 2683 393 2744 te
422 2684 500 2765 stet,
528 2703 591 2766 quo
621 2684 726 2748 minus
754 2681 913 2747 arbitratu
941 2682 1059 2747 actoris
1083 2703 1156 2747 cum

146 2767 251 2833 vicino
275 2770 457 2854 experiaris.

235 2859 286 2923 33.
310 2857 349 2921 D.
363 2856 438 2922 ibid.
453 2860 472 2938 ἕ
487 2858 538 2924 29.
558 2895 599 2904 -
619 2857 708 2923 Idem
733 2859 788 2941 ait,
812 2859 839 2923 si
860 2859 956 2924 odore
977 2860 1046 2924 solo
1064 2859 1156 2925 locus

146 2946 386 3029 pestilentiosus
418 2946 488 3029 fiat,
520 2969 585 3011 non
619 2968 687 3011 esse
721 2946 760 3011 ab
794 2968 828 3011 re
861 2947 899 3011 de
932 2970 966 3012 ra
994 2969 1032 3013 aa
1060 2948 1157 3012 inter-

147 3034 232 3100 dicto
254 3033 312 3099 uti.

235 3124 287 3188 34.
311 3122 348 3188 D.
367 3123 420 3205 43,
435 3123 487 3208 24,
502 3125 531 3209 3,
545 3125 576 3189 4.
614 3122 773 3206 Ulpianus
793 3123 877 3189 libro
896 3124 1157 3210 septuagensimo

147 3212 251 3295 primo
284 3212 324 3276 ad
355 3212 494 3277 edictum
527 3208 575 3300 (P.
601 3209 724 3299 1592‘).
756 3249 793 3260 -
824 3263 857 3278 ..
886 3212 914 3277 si
944 3235 1073 3297 praeses
1105 3214 1158 3278 vel

150 3304 279 3365 curator
297 3300 342 3364 rei
360 3301 507 3385 publicae
526 3302 709 3386 permiserit
728 3302 758 3366 in
778 3301 905 3386 publico
919 3302 1032 3383 facere,
1049 3300 1159 3367 Nerva

149 3388 262 3453 scribit
281 3389 498 3473 exceptionem
517 3390 622 3455 locum
640 3412 704 3455 non
724 3390 853 3475 habere,
870 3391 945 3474 qaia
963 3392 1018 3456 etsi
1036 3391 1064 3456 ei
1082 3390 1159 3456 loco·

102 3505 105 3517 ›
219 3547 234 3596 1
253 3543 300 3598 Fi.
319 3562 407 3602 usum.
