2506 3880
365 177 389 226 7.
412 170 452 224 Μ.
467 169 659 226 ANTISTIUS
677 171 795 226 Lnssno
1042 171 1087 236 95

79 341 178 399 sensus
198 357 259 398 non
278 333 379 398 inerit’
399 340 533 415 collocat,
551 341 738 415 quamquam
750 341 787 398 ad
805 339 1083 416 interpretationem

79 427 339 489 aPernici0158
363 428 465 487 datam
487 430 607 488 nostrae
630 432 859 488 consentaneam
880 429 1016 489 remittit.

162 517 321 576 Institorcs
355 535 568 594 nonnunquam
600 516 637 576 ab
669 520 751 593 empt
738 517 853 576 toribus
885 537 983 577 arram
1014 538 1082 594 pos·

77 606 188 665 tulasse
203 605 239 663 D
252 607 303 681 14,
318 607 347 678 3,
362 609 391 682 5,
408 608 447 666 15
467 607 554 666 docet
573 598 625 688 (si
638 606 724 664 instit
711 610 767 682 t,or
787 624 854 664 oum
869 607 967 666 oleum
981 609 1082 668 vendi·

78 695 178 770 disset,
196 694 322 753 anulum
339 713 424 753 arrae
441 695 562 755 nomine
580 694 727 770 acceperit
744 713 841 770 neque
860 712 927 753 eum
941 696 1045 756 reddat
1032 689 1082 779 t’,)

79 803 164 860 quem
178 801 293 842 morem
307 783 435 842 maxime
455 782 493 843 ad
511 782 738 858 provincialium
757 782 912 841 hominurn
929 783 1082 846 institores

77 871 254 946 pertinuisse
281 871 349 930 inde
373 872 576 949 cognoscitur,
603 871 684 948 quod
706 888 776 929 arra
797 889 859 930 non
880 871 955 930 iuris
977 873 1082 948 cicilie,

78 961 127 1020 sed
159 961 234 1020 imis
265 960 415 1037 peregrini
446 964 500 1020 est.
548 959 679 1036 primum
706 960 786 1036 apud
814 957 921 1018 Gaium
950 962 1083 1038 eundem,

79 1049 129 1126 qui
146 1049 239 1108 etiam
260 1050 460 1126 hypothecam
477 1049 557 1109 inter
576 1048 650 1108 iuris
668 1049 820 1108 consultos
838 1048 953 1125 primus
971 1051 1085 1111 tractat

79 1133 118 1219 (v.
142 1156 235 1214 snpra
252 1137 268 1195 Ι
282 1159 311 1213 p.
326 1131 413 1219 218),
443 1156 528 1198 arrae
556 1140 585 1214 3,
605 1140 667 1198 139
696 1137 807 1198 mentio
830 1137 877 1196 fit:
906 1131 1029 1214 ‘emptio
1052 1145 1084 1200 et

77 1226 207 1287 venditio
235 1227 433 1301 contrahitur,
465 1246 533 1286 cum
555 1226 591 1286 de
613 1227 711 1303 pretio
735 1227 918 1303 convenerit,
946 1229 1082 1305 quamvis

76 1315 207 1375 nondum
238 1314 368 1391 pretium
393 1318 585 1375 numeratum
615 1316 669 1391 sit,
696 1334 736 1374 ao
762 1334 804 1374 ne
831 1334 912 1375 arra
939 1317 1083 1392 quidem

76 1404 160 1463 data
177 1399 318 1464 fuerit’.
355 1403 486 1477 Schmin,
505 1404 608 1465 Gesoh.
627 1405 680 1464 des
698 1410 771 1464 ιδιιι.
784 1405 895 1464 Rechts
908 1425 936 1480 p.
949 1407 1082 1468 373n5

75 1493 193 1568 quaerit
216 1511 277 1569 qna
298 1494 413 1553 ratione
433 1493 525 1552 Gaius
543 1493 573 1552 id
592 1492 684 1553 dicat:
709 1486 761 1552 ‘im
781 1490 946 1568 Gegensatz
965 1514 1002 1554 nu
1019 1495 1083 1554 ihm

74 1581 246 1641 bekannten
274 1582 477 1660 griechischen
498 1583 633 1641 Rechten
659 1581 730 1640 oder
757 1582 799 1640 im
823 1580 987 1659 Gegensatz
1015 1603 1081 1642 zum

75 1670 190 1730 tlteren
207 1676 282 1729 ιδιιι.
295 1665 420 1731 Rechts’
452 1689 520 1730 mea
537 1670 655 1746 quidem
677 1670 825 1730 sententia
840 1670 897 1728 hoc
910 1690 1015 1732 verum
1027 1676 1083 1732 est.

162 1758 233 1817 Alia
259 1759 442 1836 fragmenta,
469 1779 546 1836 quae
572 1760 699 1820 fortasse
726 1759 832 1818 iisdem
859 1759 906 1818 his
928 1759 1014 1820 libris
1037 1767 1083 1820 at-

71 1847 233 1908 tribuenda
256 1851 340 1926 sunt,
361 1869 389 1910 v.
411 1849 497 1908 infra

126 2043 180 2103 VL
212 2042 266 2103 Ad
288 2043 470 2120 praetoris
494 2044 569 2105 sive
592 2043 721 2103 urbani
745 2042 819 2104 sive
841 2045 1028 2122 peregrini

495 2133 666 2193 officium.

161 2256 345 2334 Fragmenta
366 2256 405 2316 ad
422 2258 569 2333 praetoris
587 2257 719 2318 officinm
735 2258 918 2335 pertinentia
937 2245 983 2338 ea,
1004 2279 1083 2337 quae

69 2346 172 2406 utrius
200 2347 348 2422 praetoris
376 2346 472 2406 officio
500 2347 691 2407 attribuenda
714 2347 787 2422 sint,
815 2347 972 2408 diiudicari
993 2349 1083 2409 hodie

69 2435 191 2513 nequit,
214 2434 368 2494 Leneliom
391 2437 512 2496 secutus
534 2436 676 2496 hocloco
700 2436 852 2496 collocavi.

250 2593 285 2654 Si
306 2597 370 2668 pois
391 2597 439 2655 ias
461 2597 564 2656 dicenti
585 2612 644 2654 noo
665 2596 905 2668 obtemperaverit.

163 2706 193 2770 1.
220 2702 261 2769 Ι).
275 2705 305 2789 2,
320 2705 350 2786 3,
366 2705 394 2789 1,
408 2705 438 2770 3.
469 2705 629 2790 Ulpianus
647 2704 731 2769 libro
752 2703 856 2788 primo
876 2703 915 2766 ad
935 2702 1083 2768 edietum.

67 2792 120 2880 (P.
141 2790 229 2880 176).
250 2829 296 2840 -
319 2793 392 2858 Non
416 2794 522 2859 solum
545 2843 605 2860 ...
629 2815 728 2878 reum,
752 2792 808 2877 qui
829 2813 895 2857 ιιοιι
918 2792 1084 2876 obtempe-

66 2882 173 2966 ravit,
200 2882 262 2947 hoc
290 2882 393 2947 edicto
420 2884 524 2949 teneri
546 2883 655 2948 Labeo
688 2883 748 2968 ait,
775 2903 885 2947 verum
909 2883 1006 2948 etiam
1028 2903 1082 2967 pe·

66 2972 216 3037 titorem.

300 3065 348 3124 De
368 3066 533 3125 vadimonio
555 3066 681 3126 Romam
702 3067 855 3140 sociando?

162 3175 193 3243 2.
224 3174 263 3240 Ι).
283 3176 334 3257 50,
350 3174 445 3260 16,5,
460 3175 488 3240 1.
543 3175 631 3240 Idem
665 3174 722 3262 (sc.
749 3173 886 3261 Paulus)
918 3175 1001 3240 libro
1035 3197 1083 3240 se·

64 3263 177 3330 cundo
197 3263 237 3328 ad
257 3263 396 3329 edictum
415 3261 878 3348 (P.105).-‘0pere100aco
897 3264 1083 3330 conducto':

64 3353 122 3418 his
149 3353 254 3418 verbis
277 3350 386 3418 Lcheo
411 3351 586 3438 significari
610 3352 656 3416 ait
677 3353 710 3417 id
733 3375 827 3438 opus,
857 3353 941 3436 quod
965 3351 1081 3419 Graeci

63 3439 278 3526 ἀποτέλεσμα
301 3445 432 3524 vocant,
461 3462 527 3506 non
551 3443 664 3527 ἔργον,
686 3441 719 3505 id
742 3446 792 3506 est
815 3463 854 3505 ex
877 3462 972 3524 opere
997 3441 1082 3508 facto

62 3551 189 3615 corpus
213 3530 343 3616 aliquod
366 3530 552 3615 perfectum.
