2512 3888
381 183 407 231 2.
429 176 612 233 Masurius
631 178 785 236 SABINUS
1024 177 1090 242 4ῖ9

171 336 237 402 56?
270 339 340 406 Gai.
356 340 384 422 1,
399 340 449 405 89.
474 375 515 388 -
539 340 630 416 Quod
654 389 682 406 ..
707 342 837 426 placuit,
859 342 888 408 ei
912 342 1029 408 ancilla
1052 365 1091 406 ex

80 426 151 491 cive
173 425 321 494 Romano
346 429 541 514 conceperit,
564 428 677 495 deinde
700 431 897 496 manumissa
918 433 1091 516 pepererit,

80 516 136 599 qui
164 519 308 584 nascitur
331 516 469 582 liberum
493 518 595 601 nasci,
622 519 764 583 naturali
786 520 912 585 ratione
934 520 986 606 fit,
1012 543 1089 585 nem

80 605 116 668 hi
145 605 199 688 qui
226 607 394 692 illegitime
421 606 657 692 concipiuntur,
687 612 810 672 statum
838 612 967 674 sumunt
990 631 1029 674 ex
1051 631 1089 675 co

80 698 228 778 tempore
251 718 315 780 quo
338 700 522 760 nascuntur.

109 929 280 992 Communia
302 934 445 1006 quaedum
467 934 502 992 de
523 933 569 992 lu's
591 935 642 1006 aar·
662 935 695 992 iu
718 933 815 993 alieno
831 936 971 1008 potestate
992 936 1068 992 sumt.

167 1048 254 1115 ‘Cum
267 1059 355 1132 pater
373 1056 503 1116 familias
522 1075 553 1116 se
571 1056 603 1115 in
622 1056 813 1133 adoptionem
832 1056 923 1132 dedit,
942 1055 1088 1116 mulierve

80 1143 112 1202 in
139 1163 260 1204 manum
284 1145 435 1218 convenit,
463 1164 564 1205 omnes
588 1145 653 1206 eius
676 1165 724 1206 res
746 1145 948 1221 incorporales
973 1147 1005 1204 et
1026 1163 1091 1205 cor·

79 1233 199 1308 porales
217 1251 352 1310 quaeque
371 1234 398 1293 ei
412 1233 530 1294 debitae
545 1237 623 1312 sunt,
641 1235 722 1310 patri
736 1235 876 1310 adoptivo
891 1233 1090 1310 coemptione-

79 1321 177 1382 torivs
200 1321 410 1400 adquiruntur,
433 1322 564 1399 exceptis
585 1323 633 1383 his
656 1342 732 1401 quae
754 1342 808 1400 per
830 1322 936 1399 capitis
956 1321 1090 1382 deminu-

80 1410 193 1469 tionem
206 1410 343 1487 pereunt,
357 1410 461 1486 quales
476 1414 546 1470 sunt
558 1413 758 1488 ususfructus
772 1431 931 1488 operarum
945 1409 1090 1488 obligatio

77 1498 256 1558 libertorum
285 1517 361 1575 quae
388 1516 443 1574 per
469 1499 677 1559 iusiurandum
705 1505 859 1561 contracta
881 1502 941 1578 est,
966 1502 997 1559 ct
1019 1499 1089 1558 lites

79 1588 265 1646 contestatae
293 1587 427 1665 legitimo
454 1587 574 1648 iudicio.
621 1607 658 1647 cx
685 1588 802 1649 diverso
824 1588 904 1666 quod
927 1589 953 1648 is
976 1586 1091 1666 debuit,

79 1674 132 1752 qui
159 1693 190 1736 se
217 1675 249 1734 in
276 1675 467 1752 adoptionem
495 1676 579 1736 dedit
605 1695 720 1753 quaeve
742 1677 773 1735 in
796 1697 918 1737 manum
941 1677 1089 1754 convenit,

78 1782 139 1824 uon
156 1764 267 1824 transit
286 1764 323 1823 ad
341 1764 623 1841 coemptionatorem
642 1766 752 1825 autad
770 1768 886 1841 patrem
905 1765 1089 1842 adoptivum,

78 1851 137 1912 nisi
160 1853 187 1912 si
209 1853 425 1912 hereditarium
451 1871 501 1912 aes
524 1852 656 1912 alienum
679 1854 779 1914 fuerit.
820 1858 892 1914 tunc
916 1854 994 1914 enim
1018 1853 1090 1930 quia

77 1942 143 2018 ipse
166 1946 254 2018 pater
276 1942 435 2017 adoptivus
459 1945 512 2001 aut
536 1943 771 2018 coemptionator
794 1944 879 2003 heres
902 1943 950 2020 fit,
976 1943 1089 2002 directo

76 2034 200 2091 tenetur
222 2031 301 2107 iure,
324 2030 350 2090 is
373 2049 443 2090 vero
467 2031 519 2108 qui
542 2049 574 2091 se
597 2032 801 2107 adoptandum
824 2031 905 2091 dedit
924 2051 1038 2110 quaeve
1057 2030 1089 2090 in

77 2138 200 2178 manum
233 2119 383 2197 convenit,
415 2119 525 2180 desinit
556 2138 620 2180 esse
652 2116 760 2180 heres?
814 2120 878 2183 Gai.
903 2123 937 2198 3,
961 2122 1011 2182 83.
1036 2122 1090 2180 84.

78 2209 114 2268 cf.
132 2211 160 2275 2,
177 2210 226 2269 86.
258 2203 452 2286 ‘adquiritur'
470 2209 571 2288 itaque
591 2202 687 2269 ‘uobis
706 2229 765 2269 non
784 2211 880 2270 solum
899 2230 953 2286 per
970 2213 1089 2270 nosmet

76 2297 168 2373 ipsos,
187 2296 239 2356 sed
258 2298 349 2357 etiam
367 2318 421 2375 per
434 2317 484 2358 eos
499 2317 574 2376 quos
587 2299 619 2357 in
633 2302 783 2375 potestate
797 2319 888 2359 manu
901 2299 1088 2375 mancipiove

77 2379 245 2446 habemus'.
294 2381 400 2464 ‘igitur
431 2388 510 2463 quod
537 2387 625 2447 liberi
651 2388 748 2447 nostri
775 2407 851 2464 quos
877 2389 910 2447 in
937 2390 1089 2464 potestate

77 2473 236 2552 habemus,
262 2474 336 2535 item
364 2474 443 2552 quod
470 2475 549 2534 servi
574 2476 672 2534 nostri
696 2477 842 2552 mancipio
866 2477 1017 2552 accipiunt
1039 2475 1089 2535 vel

77 2582 114 2623 ex
139 2562 302 2622 traditione
329 2562 556 2641 nanciscuntur,
583 2562 646 2623 sive
673 2563 743 2638 quid
772 2564 955 2638 stipulentur
981 2564 1029 2622 vel
1053 2582 1089 2621 ex

76 2650 256 2729 aliqualibet
273 2670 365 2711 causa
383 2651 554 2728 adquirunt,
571 2651 604 2710 id
621 2651 706 2712 nobis
724 2651 906 2728 adquiritur3
926 2652 990 2727 ipse
1010 2651 1089 2710 enim

77 2741 130 2817 qui
161 2740 193 2800 in
224 2743 374 2817 potestate
406 2742 509 2800 nostra
539 2742 596 2814 est,
629 2739 705 2798 nihil
732 2758 818 2799 suum
845 2739 954 2799 habere
982 2742 1089 2814 potest.

78 2835 109 2890 et
127 2830 195 2889 ideo
214 2830 241 2890 si
258 2831 345 2889 heres
363 2829 521 2889 institutus
537 2829 585 2906 sit,
602 2829 661 2888 nisi
675 2831 778 2889 nostro
791 2829 876 2888 iussu
890 2827 1089 2888 hereditatem

77 2918 160 2978 adire
183 2938 243 2979 non
266 2921 379 2996 potest;
403 2923 433 2978 et
455 2918 480 2977 si
502 2918 674 2978 iubentibus
692 2918 778 2978 nobis
797 2917 915 2993 adierit,
938 2917 1089 2976 hereditas

76 3007 163 3068 nobis
195 3007 367 3084 adquiritur
398 3007 522 3084 proinde
554 3012 645 3085 atque
673 3007 698 3066 si
726 3026 781 3067 nos
807 3006 866 3084 ipsi
893 3005 1016 3066 heredes
1044 3005 1088 3062 iu-

77 3096 179 3156 stituti
207 3116 352 3174 essemus,
381 3102 411 3156 et
434 3097 643 3157 convenienter
666 3096 780 3155 scilicet
803 3097 936 3174 legatum
960 3114 1015 3170 per
1038 3112 1088 3153 eos

75 3185 163 3246 nobie
182 3184 367 3263 adquiratur.
405 3185 476 3242 dum
494 3187 595 3244 tamen
614 3183 750 3258 sciamus,
769 3185 795 3243 si
814 3185 938 3244 alterius
957 3182 1088 3242 inbonis

77 3273 118 3334 sit
141 3293 260 3348 seruus,
282 3274 406 3334 alterius
430 3292 466 3332 ex
488 3273 552 3332 iure
576 3271 747 3351 Quiritium,
769 3292 805 3333 ex
829 3273 966 3332 omnibus
990 3271 1088 3331 causis

77 3363 106 3423 ei
124 3363 181 3422 soli
195 3381 249 3438 per
263 3382 331 3421 eum
346 3363 472 3440 adquiri,
491 3361 576 3422 ouius
590 3361 722 3421 inbonis
737 3355 804 3421 est'
833 3361 897 3423 Gai.
908 3364 937 3440 2,
948 3361 1087 3422 87-88.

167 3445 374 3510 ‘Communem
397 3470 514 3512 servum
537 3470 592 3528 pro
616 3450 764 3510 dominica
785 3452 872 3526 parte
891 3450 1018 3511 dominis
1038 3449 1087 3508 ed·

76 3541 196 3616 quirere
220 3543 334 3599 certum
355 3542 410 3620 est,
433 3545 555 3617 excepto
575 3560 610 3600 eo
628 3539 708 3617 quod
726 3540 779 3599 nni
797 3540 973 3601 nominatim
992 3540 1087 3616 stipu-

1146 3696 1211 3710 β
