2506 3880
376 147 400 195 ’1.
422 139 461 193 Μ.
477 138 671 194 ΑΝΤΙΒἸῚΠὸ
686 139 808 195 LABEO
1032 78 1094 203 111

18 277 19 294 ¹
56 343 63 356 ·
89 303 239 371 utendum
264 304 376 368 datum
393 302 503 369 Labeo
594 304 641 367 ait
662 306 791 368 tantum
810 304 975 388 interesse,
998 325 1097 388 quan-

89 399 154 459 tum
186 394 274 457 inter
303 413 404 476 genus
436 397 469 456 et
500 392 651 477 speciem:
683 392 880 457 commodari
912 394 996 456 enim
1028 414 1096 456 rem

18 505 19 570 j
88 483 251 564 mobilem,
272 503 339 547 non
362 482 460 546 etiam
483 481 560 564 soli,
582 480 737 545 utendam
761 481 830 545 dari
853 482 952 546 etiam
975 481 1044 546 soli.

173 572 227 637 81.
246 569 286 634 Ι).
299 572 349 652 13,
359 571 388 656 6,
397 569 428 652 5,
441 570 491 636 19.
517 569 679 655 Ulpianus
693 569 778 634 libro
791 571 966 635 vicensimo
981 574 1096 635 octavo

18 609 20 640 l
88 661 127 726 ad
154 661 296 724 edictum
323 657 373 746 (Ρ.
392 654 481 746 803).
507 694 545 705 —
571 657 652 723 Rem
679 658 742 722 tibi
769 659 856 744 dedi,
881 663 919 723 nt
946 657 1096 724 creditori

18 807 19 810 ,
86 752 142 814 tuo
169 748 300 834 pignori
328 749 435 832 dares,
466 739 597 812 dedisti:
630 768 696 812 non
723 748 925 832 repigneras,
951 750 989 812 ut
1016 747 1097 812 mihi

88 838 213 904 reddas.
253 836 361 902 Labeo
385 837 433 902 ait
451 836 646 902 commodati
664 836 823 902 actionem
842 837 949 901 locum
966 835 1096 901 habere.
1217 903 1220 906 ,

174 925 227 992 88.
244 925 325 991 Ibid.
342 926 392 990 12.
407 963 449 971 -
463 924 553 989 Idem
567 923 675 989 Labeo
690 924 837 1009 ...dicit
856 926 884 989 si
902 947 986 989 ame
1001 925 1096 1008 culpa

89 1015 174 1081 absit
191 1014 427 1099 repignerandi,
446 1013 587 1078 creditor
605 1017 713 1079 autem
726 1013 810 1079 nolit
823 1012 954 1078 reddere
967 1013 1097 1098 pignus,

88 1107 270 1189 competere
296 1103 358 1169 tibi
386 1102 427 1168 ad
453 1102 515 1167 hoc
543 1101 711 1167 dumtaxat
738 1101 949 1184 commodati,
975 1106 1012 1166 ut
1034 1102 1097 1167 tibi

89 1194 230 1259 actiones
253 1193 406 1256 adversus
431 1212 504 1256 eum
527 1196 698 1275 praestem.

176 1281 227 1348 89.
249 1279 332 1345 Ibid.
350 1284 370 1360 ξ
388 1280 437 1346 14.
458 1317 501 1327 —
520 1278 613 1344 Side
632 1303 683 1344 me
700 1275 846 1366 petisses,
866 1283 902 1344 ut
919 1279 1096 1344 triclinium

87 1371 147 1436 tibi
170 1376 349 1436 sternerem
367 1374 401 1434 et
419 1373 588 1454 argentum
607 1368 647 1434 ad
667 1369 882 1433 ministerium
899 1369 1097 1453 praeberem,

88 1464 119 1524 et
136 1460 254 1542 fecere,
273 1458 387 1524 deinde
405 1461 550 1542 petisses,
568 1462 605 1523 ut
623 1457 708 1522 idem
726 1458 872 1543 sequenti
892 1457 943 1522 die
957 1457 1097 1522 facerem

54 1551 56 1555 ’
87 1553 118 1612 (1
141 1570 214 1614 cum
237 1548 403 1613 commode
426 1553 595 1633 argentum
619 1547 706 1610 domi
730 1549 848 1611 referre
871 1568 938 1612 non
958 1568 1097 1631 possem,

87 1637 133 1702 ibi
160 1637 223 1702 hoc
249 1637 411 1720 reliquero
440 1640 473 1700 et
499 1634 643 1720 perierit:
672 1657 736 1718 qua
763 1637 889 1701 actione
915 1635 970 1720 agi
991 1637 1097 1719 possit

18 1777 19 1780 ¹
89 1731 118 1790 at
141 1726 232 1791 cuius
255 1729 341 1790 esset
362 1724 562 1810 periculum?
602 1722 710 1788 Labeo
733 1723 772 1789 de
798 1725 942 1808 periculo
966 1724 1098 1807 scripsit

18 1857 19 1862 κ
88 1815 224 1891 multum
251 1814 420 1897 interesse,
448 1812 615 1879 custodem
641 1815 735 1898 posui
763 1835 806 1878 an
832 1835 913 1879 non:
941 1814 969 1877 si
995 1813 1097 1898 posui,

18 1957 19 1960 ¹
88 1903 125 1969 ad
152 1925 204 1968 me
231 1903 410 1987 periculum
437 1906 598 1988 spectare,
626 1901 653 1966 si
680 1903 802 1985 minus,
829 1903 870 1968 ad
897 1924 971 1966 eum
997 1922 1095 1986 penes
1154 1968 1157 1976 ,

18 2035 19 2044 .
88 2013 181 2076 quem
203 1992 357 2057 relictum
378 1995 438 2056 est.

175 2082 228 2146 90.
249 2079 291 2145 D.
310 2081 362 2165 13,
376 2083 406 2164 6,
423 2081 473 2166 11,
486 2079 517 2145 5.
559 2079 680 2145 Paulus
703 2080 788 2146 libro
810 2079 987 2146 vicensimo
1010 2100 1096 2145 nono

18 2167 20 2212 †
89 2170 128 2234 ad
151 2170 293 2235 edictum
316 2166 365 2256 (Ρ.
382 2166 472 2256 446).
491 2204 534 2216 -
551 2168 634 2234 Rem
656 2169 894 2235 commodatam
915 2169 1041 2255 perdidi
1064 2172 1097 2232 (1

18 2327 19 2330 ,
89 2280 146 2342 pro
167 2280 205 2324 ca
221 2259 363 2342 pretium
380 2258 462 2340 dedi,
483 2257 597 2322 deinde
615 2281 667 2323 res
685 2258 720 2322 in
737 2263 899 2343 potestate
917 2266 975 2322 tua
992 2258 1094 2324 venit:

18 2355 19 2424 ζ
90 2346 195 2412 Labeo
228 2347 275 2412 ait
308 2347 470 2413 contrario
501 2347 619 2412 iudicio
647 2352 704 2412 aut
729 2370 798 2412 rem
825 2347 906 2412 mihi
932 2351 1097 2432 praestare

92 2440 124 2500 te
146 2436 258 2502 debere
280 2440 338 2501 aut
361 2436 446 2521 quod
468 2458 489 2501 a
510 2458 562 2501 me
584 2435 738 2520 accepisti
760 2437 899 2501 reddere.

428 2601 560 2676 Depositi
581 2603 626 2659 ccl
648 2604 755 2659 contra.

177 2705 228 2769 91.
251 2703 289 2768 D.
310 2704 363 2788 16,
376 2703 406 2784 3,
422 2704 452 2788 1,
467 2699 519 2767 14.’
557 2700 718 2786 Ulpianus
740 2699 825 2765 libro
848 2698 1037 2785 trigensimo
1056 2699 1097 2764 ad

92 2789 228 2856 edictum
257 2791 306 2879 (P.
328 2789 420 2878 890).
448 2829 487 2838 -
517 2839 551 2855 ..
575 2789 605 2856 si
629 2790 818 2855 fideiussisti
844 2811 904 2874 pro
932 2810 970 2854 eo
998 2784 1098 2875 (apud

18 2903 20 2960 r
94 2900 185 2962 quem
212 2879 376 2966 deposui),
405 2881 513 2946 Labeo
541 2879 726 2945 omnimodo
749 2879 971 2945 fideiussorem
993 2875 1098 2942 teneri
1125 2871 1129 2886 '

18 2961 21 2986 ¹
95 2968 150 3052 ait,
166 2991 227 3034 non
246 2974 374 3034 tantum
392 2970 421 3035 si
439 2969 514 3034 dolo
533 2967 610 3034 fecit
626 2969 656 3034 is
674 2970 731 3054 qui
750 2968 933 3055 depositum
948 2965 1099 3050 suscepit,

18 3159 20 3218 l

18 3479 23 3578 l

18 3597 20 3720 l

94 3056 151 3120 sed
171 3061 202 3121 (1
223 3059 251 3124 si
273 3080 341 3124 non
363 3058 455 3141 fecit,
477 3061 527 3123 est
549 3063 659 3123 tamen
681 3080 733 3123 res
756 3058 841 3143 apud
864 3080 947 3123 eum.

180 3147 229 3213 92.
256 3146 296 3212 D.
315 3147 391 3212 ibid.
410 3150 430 3229 ξ
449 3148 491 3213 38
520 3143 570 3235 (Ρ.
594 3142 697 3232 896⁸).
727 3182 766 3193 -
798 3145 845 3211 Si'
864 3146 936 3232 quis
968 3144 1099 3209 tabulas

18 3223 20 3270 1
94 3235 277 3301 testamenti
291 3236 374 3321 apud
390 3259 425 3300 se
439 3236 604 3320 depositas
618 3235 764 3320 pluribus
774 3233 998 3319 praesentibus
1008 3232 1097 3318 legit,

18 3349 20 3388 .
97 3320 147 3385 ait
165 3321 269 3390 Labeo
292 3325 432 3409 depositi
455 3326 582 3390 actione
604 3329 690 3388 recte
713 3324 752 3388 de
774 3323 897 3388 tabulis
921 3322 975 3408 agi
992 3343 1097 3409 posse.

182 3412 231 3479 93.
253 3413 292 3479 D.
306 3414 385 3480 ibid.
398 3416 419 3495 ξ
431 3414 473 3478 41
495 3412 543 3496 (Ρ.
559 3408 660 3500 896⁰).
682 3449 720 3459 -
742 3409 776 3476 Si
795 3411 878 3477 cista
897 3413 1027 3496 signata
1046 3411 1098 3474 de·

97 3499 201 3581 posita
228 3503 284 3587 sit,
311 3507 417 3568 utrum
446 3502 528 3568 cista
550 3505 678 3565 tantum
700 3504 831 3584 petatur
854 3522 895 3564 an
920 3504 952 3564 (1
974 3500 1099 3583 species
