2512 3888
380 193 405 244 2.
431 185 613 242 MASURIUS
632 185 785 243 SABINUS
1021 187 1086 253 457

84 373 176 434 quem
202 359 360 433 argentum
382 375 489 415 aurum
512 357 687 415 ornamenta
708 355 866 432 ceteraque
889 375 965 435 quae
988 357 1089 418 uxoris

80 443 181 522 gratia
212 448 371 522 parantur,
400 441 494 504 Lenel
521 446 541 504 l.
566 463 589 504 e.
612 463 642 519 p.
660 445 702 503 48
731 460 767 501 ex
795 441 897 504 Sabini
928 447 984 506 hoo
1010 447 1088 506 libro

81 532 179 610 petite
201 550 264 594 esee
288 533 467 609 suspicatur.

236 747 283 806 De
307 747 377 806 lana
399 747 458 806 lino
475 763 615 820 purpura
636 734 810 805 vestimentis
832 746 939 821 leontia.

170 869 215 929 De
234 870 304 930 lana
322 869 423 948 legate
441 869 582 928 dixerunt
599 868 632 938 Q.
651 868 768 928 Mucius
790 859 821 952 (I
836 889 865 945 p.
882 862 947 952 77),
969 870 1090 932 Servius

85 952 127 1038 (p.
149 952 240 1037 178),
272 957 399 1019 Alfenus
427 950 471 1040 (p.
491 948 583 1040 296);
616 957 652 1015 de
680 957 742 1016 lino
770 959 802 1017 et
827 975 962 1035 purpura
988 959 1092 1036 legata

84 1047 206 1108 Servius
239 1041 280 1125 (p.
306 1049 377 1108 178.
404 1038 494 1127 180),
528 1046 606 1105 idem
641 1045 677 1104 de
709 1047 780 1105 lana
809 1064 960 1124 purpurea
990 1047 1093 1126 legate

83 1129 128 1214 (p.
153 1127 245 1218 180);
282 1136 317 1196 de
352 1136 488 1196 reatibus
523 1135 573 1196 uel
607 1134 794 1195 vestimentis
830 1136 938 1212 legatis
970 1135 1092 1196 Servius

81 1221 126 1303 (p.
146 1226 238 1303 177,
274 1225 409 1283 Namusa
445 1223 486 1300 (p.
505 1213 598 1304 276),
633 1224 761 1284 Alfenus
792 1217 835 1307 (p,
856 1218 948 1304 296),
985 1223 1091 1284 Ofilius

98 1335 128 1392 p.
144 1315 236 1390 337,
263 1311 424 1372 Cascellius
449 1306 491 1394 (p.
507 1306 600 1393 373),
629 1311 788 1373 Trebatius
811 1312 854 1394 (p.
868 1305 962 1396 409),
989 1313 1090 1373 Labeo

83 1308 346 1484 1111161191).
387 1419 423 1460 ex
445 1401 530 1460 libris
554 1400 592 1459 ad
616 1399 758 1460 Sabinum
781 1401 958 1481 fragmento,
981 1403 1092 1479 quibus

83 1491 142 1550 hae
163 1509 211 1550 res
234 1490 353 1567 proprie
377 1491 553 1567 tractentur,
578 1508 674 1566 neque
696 1489 852 1567 Pomponii
874 1509 971 1568 neque
993 1491 1093 1570 Pauli,

87 1578 141 1639 sed
163 1581 282 1638 tantum
305 1577 428 1654 Ulpiani
452 1573 497 1656 (P.
515 1579 609 1638 2639.
624 1571 725 1659 2640)
747 1579 860 1639 tradita
882 1582 965 1639 eunt:
988 1579 1092 1640 Tribo-

86 1667 211 1727 nianum
234 1666 332 1726 multa
354 1666 499 1728 delevisse
522 1668 653 1742 apparet.

172 1763 274 1824 Vestis
301 1763 453 1823 Romanae
482 1781 572 1822 neum
598 1764 756 1840 Augustus
788 1782 890 1824 serere
922 1764 1090 1825 reduxerat.

85 1853 166 1914 Suet.
182 1853 260 1931 Aug.
275 1854 319 1912 40
338 1846 441 1912 ‘etiam
455 1851 592 1911 habitum
606 1853 807 1929 vestitumque
824 1852 986 1930 pristinum
1004 1854 1092 1914 redu·

83 1961 151 2004 eere
182 1941 301 2003 studuit
332 1959 367 2002 oo
390 1941 601 2020 ..negotium
632 1941 779 2002 aedilibus
811 1941 906 2019 dedit,
938 1961 975 2002 ne
1004 1961 1092 2019 quem

85 2031 211 2108 posthae
238 2033 415 2107 paterentur
440 2030 472 2089 in
498 2030 563 2090 foro
591 2031 706 2090 eireove
736 2030 795 2090 nisi
826 2031 932 2108 positia
963 2031 1094 2092 lacernis

86 2123 223 2198 togatum
242 2112 423 2180 consistere'.
460 2119 603 2179 senatorii
621 2119 734 2180 ordinis
752 2120 832 2180 viros
850 2139 911 2181 non
929 2121 989 2180 alia
1006 2123 1091 2181 reete

84 2209 144 2268 nisi
176 2209 214 2267 ab
246 2226 338 2269 uxore
370 2211 424 2268 aut
454 2208 517 2267 filia
548 2209 683 2268 confecta
713 2209 761 2268 uti
793 2209 897 2269 deeere
924 2212 1090 2270 monuerat.

84 2297 156 2358 ibid.
176 2299 217 2358 64
240 2289 343 2356 ‘filiam
372 2301 403 2356 et
429 2300 533 2373 neptes
559 2297 603 2356 ita
624 2297 766 2375 instituit,
788 2301 824 2357 ut
846 2298 938 2358 etiam
961 2298 1091 2357 lanificio

22 2393 24 2398 ’
84 2380 305 2446 assuefaceret'.
343 2388 383 2447 73
408 2378 503 2446 ‘reete
525 2404 585 2446 nou
607 2388 719 2446 temere
741 2386 802 2446 elia
819 2405 909 2463 quam
927 2386 1094 2447 domestica

83 2491 158 2535 neue
181 2479 241 2551 eet,
265 2473 304 2534 ab
327 2491 425 2533 sorore
449 2477 480 2533 et
501 2491 594 2534 uxore
617 2477 648 2533 et
669 2473 731 2533 filia
753 2474 911 2550 neptiaque
934 2469 1090 2535 oonfeeta'.
1160 2509 1162 2516 ι

86 2562 166 2641 quod
197 2581 272 2640 opua
299 2561 427 2622 Neronia
453 2564 552 2621 aetate
582 2561 758 2621 mulieribus
786 2562 846 2621 iam
873 2561 972 2623 taedio
999 2563 1094 2622 fuisse

86 2651 254 2712 Columella
274 2652 360 2711 doeet
378 2649 437 2710 XII
455 2649 548 2724 praef.
564 2651 582 2709 9
608 2642 661 2708 ἶ..
681 2668 749 2709 eum
771 2650 932 2726 pleraeque
953 2650 996 2710 aie
1018 2650 1093 2709 luxu

86 2746 120 2800 et
136 2740 245 2800 inertia
263 2739 409 2812 diffluunt
432 2741 469 2798 ut
486 2755 523 2798 ne
542 2737 663 2798 lanificii
681 2737 800 2814 quidem
820 2756 922 2797 aurern
941 2737 1092 2814 suscipere

85 2829 249 2908 dignentur
265 2873 273 2889 .
287 2869 296 2888 .
311 2822 331 2889 .'
367 2827 487 2887 Tiberio
505 2826 637 2903 prinoipe
656 2845 675 2886 a
692 2825 830 2904 patribus
848 2828 999 2886 decretum
1018 2831 1094 2904 erat,

85 2913 134 2978 ‘ne
152 2920 244 2979 vestie
264 2917 359 2978 serioa
376 2916 455 2977 viroa
474 2909 622 2976 foedaret’
635 2908 720 2999 (Tae.
734 2935 802 2976 ann.
817 2918 845 2992 2,
861 2906 918 2995 33)
937 2918 969 2975 et
988 2917 1094 2976 eontra

86 3009 239 3068 matronae
262 3005 386 3084 dietum,
408 3023 483 3083 quae
505 3005 624 3081 publiee
643 3006 721 3066 stola
738 3024 798 3065 non
815 3007 980 3066 uterentur.
1018 3003 1090 3063 Ter·

84 3095 202 3157 tullian
240 3095 275 3155 de
298 3095 391 3172 pullio
415 3097 444 3154 4.
480 3093 656 3170 Marquardt
673 3093 733 3153 VII
751 3114 781 3170 p.
796 3095 868 3154 364.
907 3093 1001 3153 Gaius
1023 3111 1096 3153 uero

85 3184 222 3262 prineepe
246 3178 372 3245 ‘vestitu
390 3229 398 3243 .
414 3228 422 3243 .
440 3185 472 3242 et
494 3187 591 3242 oetero
620 3181 728 3241 habitu
753 3200 850 3259 neque
876 3181 976 3258 patrio
998 3199 1096 3259 neque

11 3341 12 3346 γ
86 3273 168 3336 civili
200 3291 235 3332 ee
265 3292 303 3332 ne
334 3271 415 3332 virili
447 3270 567 3348 quidem
599 3288 716 3346 semper
747 3288 819 3330 usus
851 3265 918 3330 eet'.
974 3269 1095 3330 Sueten.

86 3360 151 3424 021.
164 3363 216 3422 52.

177 3458 319 3518 Sabinum
347 3457 383 3516 de
410 3457 457 3517 hie
479 3457 570 3517 rebus
592 3457 649 3517 hoo
672 3456 739 3516 loeo
762 3455 872 3517 dixisse
894 3457 967 3518 licet
987 3460 1098 3534 putare

87 3547 125 3608 oi.
148 3546 241 3606 Lanel
264 3546 283 3605 l.
298 3565 321 3604 o.
339 3567 367 3622 p.
388 3547 429 3607 46
440 3564 484 3622 sq.
521 3619 523 3628 p
