2506 3880
122 158 185 221 142
222 158 242 212 Ι.
266 156 421 213 AETATIS
439 156 599 212 AUGUSTI
620 156 666 210 ΕΤ
684 155 820 212 ΤΙΒΕΒΙΙ
837 156 934 213 IURIS
952 156 1132 214 GONSULTI

207 319 282 385 251.
306 318 344 385 D.
363 319 415 397 39,
429 320 460 404 2,
474 319 526 402 30,
543 321 569 383 1.
615 318 775 404 Ulpianus
802 321 885 387 libro
910 321 1130 405 octogensimo

118 409 224 494 primo
244 409 284 473 ad
304 409 443 473 edictum
458 406 508 490 (P.
524 405 634 494 1756).
652 444 690 456 -
708 459 715 473 .
730 457 737 472 .
751 457 759 474 .
773 407 882 474 Labeo
895 409 1034 493 putabat
1049 431 1132 494 eum,

118 499 174 583 qui
201 497 405 562 modulorum
433 501 489 561 aut
519 496 581 561 rivi
607 496 746 562 faciendi
774 519 871 563 causa
898 519 977 582 opus
1000 497 1132 584 faceret,

120 587 219 651 etiam
244 586 402 652 satisdare
425 586 553 670 debere,
576 587 652 670 quia
674 586 709 650 in
732 585 844 652 alieno.
862 587 931 651 solo
953 585 1082 653 faceret.

265 803 316 863 VI.
339 804 392 863 Ad
415 804 571 863 edictum
594 802 770 863 aedilium
793 804 981 864 curulium.

204 928 254 987 Ad
284 929 341 988 hoc
373 947 492 1005 quoque
524 927 654 988 edictum
685 928 854 990 Labeonem
887 928 1039 1006 scripsisse
1068 930 1129 991 viri

115 1017 195 1078 docti
222 1020 303 1077 recte
331 1016 511 1076 existimant.
561 1016 704 1077 Huschke
731 1009 883 1094 Iurispr.⁵
909 1039 937 1094 p.
962 1021 1025 1077 114
1047 1038 1076 1078 n.
1097 1021 1127 1079 2.

113 1106 238 1166 Pernice
256 1106 339 1166 168.
371 1104 512 1165 Karlowa
532 1104 637 1166 1683.
668 1105 796 1165 LenelI
818 1108 874 1167 col.
894 1108 968 1184 544,
983 1108 1013 1166 2.
1043 1107 1128 1169 Ioers

112 1195 341 1272 Realencyelop.
356 1196 375 1254 l.
390 1213 413 1255 c.
427 1215 456 1270 p.
472 1195 567 1254 2551.
600 1193 738 1273 Krneger
755 1215 784 1270 p.
800 1197 864 1254 144
883 1194 1005 1255 dubitat
1018 1187 1127 1276 („riel·

112 1278 246 1364 leicht“).
285 1286 406 1344 secutus
428 1283 522 1360 igitur
542 1285 589 1342 est
606 1282 707 1343 Labeo
725 1283 840 1344 Aulum
859 1281 981 1344 Ofilium
999 1278 1030 1366 (I
1045 1277 1125 1367 344)

112 1376 144 1434 et
166 1372 342 1432 Trebatium
366 1372 485 1431 'l'estam
509 1361 539 1451 (I
557 1365 647 1448 423).
690 1371 838 1432 Labeonis
862 1392 951 1448 opere
973 1373 1023 1432 usi
1045 1376 1127 1452 aunt,

111 1465 258 1538 quantum
280 1461 368 1520 hodie
391 1479 509 1538 quoque
531 1461 731 1539 cognoscitur,
754 1463 835 1521 certe
854 1459 974 1522 Caelius
993 1461 1125 1523 Sabinus

110 1550 202 1633 (Gall.
222 1553 251 1628 4,
271 1553 299 1625 2,
320 1552 338 1609 3
363 1543 495 1609 ‘Caelius
519 1548 648 1609 Sabinus
675 1549 708 1609 in
734 1549 820 1628 libro,
850 1569 938 1628 quem
964 1551 1001 1609 de
1025 1551 1124 1611 edicto

110 1639 254 1699 aedilium
272 1639 422 1698 curulium
441 1638 616 1714 composuit,
635 1638 807 1698 Labeonem
824 1640 918 1698 refert
933 1687 939 1700 .
954 1630 982 1699 .'.
1020 1639 1055 1698 D.
1070 1641 1124 1718 21,

112 1733 140 1805 1,
162 1730 272 1801 17,12
302 1721 393 1805 ‘apud
415 1727 586 1787 Labeonem
613 1731 644 1787 et
667 1725 802 1787 anlium
830 1722 1005 1805 quaeritur?
1049 1727 1123 1787 ibid.

110 1815 129 1893 ξ
148 1820 187 1878 15
208 1812 340 1876 ‘Caelius
364 1816 408 1876 ait
430 1819 461 1875 et
479 1815 579 1876 Labeo
599 1807 735 1897 probat')
759 1819 790 1876 et
807 1815 965 1893 Ulpianus,
987 1815 1035 1876 hic
1054 1816 1123 1892 qui·

1218 357 1248 442 ‘a

1216 456 1248 522 m

1218 555 1248 658 a

1219 762 1249 833 ‘b

1220 923 1249 991 dr

1221 1027 1250 1098 a

1223 1103 1250 1174 it

1221 1203 1250 1284 {n

1223 1387 1251 1447 id

1227 1472 1251 1582 ,t

1227 1585 1252 1654 b

1230 1675 1252 1743 b

108 1905 176 1966 dem
199 1906 363 1967 secundum
382 1904 518 1964 Caelium
536 1904 680 1965 Sabinum
699 1899 816 1984 (1121,
833 1908 860 1979 1,
878 1906 952 1980 1pr.
974 1905 1009 1966 D.
1025 1906 1076 1981 21,
1092 1909 1122 1982 1,
1233 1963 1236 1974 ,

109 1985 376 2075 1r‚1a14.1c).
412 1996 517 2069 postea
538 1993 627 2053 huius
651 1991 754 2069 Oacfii,
776 1992 907 2071 vinam,
931 1993 1015 2054 aare
1037 1993 1124 2054 mm
1233 1981 1237 1990 '

107 2082 193 2142 libris
221 2082 259 2141 ad
290 2082 370 2141 idem
402 2081 534 2141 edictum
566 2081 684 2158 scriptis
713 2081 862 2142 Labeonis
891 2101 966 2159 opus
999 2083 1122 2143 oblitte·
1232 2058 1252 2138 i.

106 2173 209 2231 ratum
241 2173 300 2231 est:
332 2170 364 2229 in
390 2169 489 2248 Pedii,
522 2168 602 2248 Gaii,
633 2169 722 2229 Pauli
748 2171 894 2230 librorum
923 2171 961 2230 ad
988 2171 1122 2232 edictum

106 2260 183 2320 illud
219 2259 400 2335 scriptorum
435 2258 612 2336 fragmentis
643 2257 790 2319 Labeonis
826 2278 935 2319 nomen
970 2278 1121 2338 nusquam
1240 2291 1243 2299 ·

106 2348 264 2426 reperitur,
288 2350 319 2408 at
341 2347 373 2406 in
394 2347 483 2406 Pauli
502 2346 684 2424 Ulpiauique
706 2348 883 2427 fragmentis
902 2348 989 2408 Pedii
1010 2368 1121 2410 nomen

106 2437 233 2516 legitur,
256 2437 287 2496 in
310 2435 434 2514 Ulpiani
456 2439 614 2512 praeterea
636 2434 730 2496 anlii
753 2436 856 2497 Sabini
880 2440 910 2497 et
932 2436 1061 2498 Viviani.

406 2615 453 2675 De
473 2595 627 2690 meabile
648 2616 816 2677 vendendis.

195 2718 327 2784 ‘Titulus
360 2722 539 2798 scriptorum
571 2722 758 2800 singulorum
788 2722 919 2798 scriptus
947 2721 987 2782 sit
1014 2726 1119 2783 curato

104 2813 160 2886 ita,
190 2815 228 2874 ut
249 2811 386 2889 intellegi
408 2814 491 2870 recte
512 2810 622 2887 possit,
645 2810 718 2886 quid
741 2810 838 2870 morbi
860 2809 987 2888 vitiique
1009 2811 1118 2885 cuique

104 2902 156 2978 sit,
190 2901 256 2979 quis
288 2900 435 2978 fugitivus
468 2916 570 2958 errove
603 2898 643 2958 sit
675 2917 789 2958 noxave
821 2896 939 2959 solutus
971 2918 1031 2959 non
1064 2895 1117 2960 sit'

104 2988 181 3050 Gell.
196 2992 226 3066 4,
241 2991 270 3067 2,
286 2991 314 3048 1.

509 3066 554 3121 Dc
571 3068 709 3123 morbosis.

193 3162 222 3227 1.
245 3157 327 3225 Gall.
344 3160 375 3243 4,
389 3161 419 3243 2,
436 3166 465 3225 3.
487 3196 524 3205 -
546 3157 675 3225 (laelius
694 3158 831 3226 Sabinus
850 3161 886 3226 in
903 3161 997 3240 libro,
1021 3182 1117 3245 quem

102 3249 141 3314 de
177 3249 280 3315 edicto
319 3247 471 3313 aedilium
508 3248 668 3314 curulium
701 3250 895 3335 composuit,
932 3249 1116 3315 Labeonem

101 3337 209 3422 refert,
232 3337 308 3423 quid
332 3341 418 3403 esset
440 3337 582 3422 morbus,
603 3337 693 3403 hisce
717 3337 825 3404 uerbis
844 3337 1006 3403 definisse:
1031 3359 1115 3403 mor-

100 3426 157 3491 bus
183 3431 229 3491 est
254 3426 376 3492 babitus
400 3428 544 3508 oniasque
570 3428 706 3509 corporis
733 3431 840 3492 watra
866 3431 1028 3513 rubram,
1058 3429 1116 3510 qui

100 3534 192 3580 usum
214 3516 280 3580 eius
299 3515 379 3595 facit
399 3516 583 3580 deterioretis.
