2506 3880
148 153 192 218 92
229 154 250 210 Ι.
275 153 428 210 AETATIS
447 154 606 211 AUGUSTI
630 155 676 210 ΕΤ
699 154 833 210 TIBERII
855 155 952 212 IURIS
975 155 1154 213 CONSULTI

146 321 376 397 provincialium
416 323 571 382 hominum
611 323 782 384 condicione
819 324 993 385 disseruisse
1035 330 1154 387 constat
1241 345 1242 366 ²

148 402 198 491 (D.
215 412 244 488 5,
260 413 288 489 1,
305 413 355 489 19,
370 403 413 490 3).
464 414 543 471 certe
576 431 666 488 quam
698 412 899 473 coniecturam
925 413 1049 474 Pernice
1076 414 1152 476 158

147 499 284 575 protulit,
307 499 375 559 illos
398 500 546 561 Labeonis
568 500 661 560 libros
678 519 739 561 non
757 506 929 578 separatum
947 521 982 562 ac
999 504 1153 580 proprium
1241 569 1242 586 ,

148 606 236 664 opus,
273 587 325 648 sed
355 589 455 665 potius
486 591 605 665 partem
638 590 736 665 operis
766 590 875 670 fuisse,
911 592 995 651 cuius
1027 592 1154 652 duarum
1240 589 1242 630 l

147 677 279 752 partium
307 676 407 753 priore
434 677 470 738 de
497 677 618 753 urbani,
648 678 744 738 altera
771 680 807 739 de
833 679 985 757 peregrini
1006 682 1153 757 praetoris
1240 713 1243 730 r

148 765 245 825 officio
264 764 479 843 disputaretur,
498 765 635 843 equidem
651 785 711 826 non
729 769 914 844 probandam
930 787 995 829 esse
1009 769 1153 830 existimo.

235 1033 325 1107 Apud
343 1031 541 1108 provinciales
560 1049 677 1110 quoque
695 1054 764 1095 curn
781 1036 964 1096 consuetudo
982 1055 1036 1112 per
1052 1054 1152 1098 servos

147 1121 268 1200 negotia
282 1122 404 1198 gerendi
417 1119 658 1198 frequentissima
672 1128 758 1201 esset,
776 1128 944 1200 praetorem
962 1125 1154 1204 peregrinum

146 1210 199 1286 qui
220 1213 346 1270 vocatur
369 1209 405 1268 de
427 1208 656 1285 provincialium
679 1213 772 1274 serris
795 1214 906 1273 Rornae
929 1214 1154 1292 negotiantibus

147 1307 293 1381 statuere,
316 1321 410 1362 noxae
432 1318 500 1362 reos
523 1318 656 1361 coercere
680 1303 845 1378 oportebat

237 1393 312 1454 Cum
331 1391 398 1452 Gaii
421 1390 482 1451 illis
505 1390 605 1451 verbis
628 1383 672 1450 ‘in
693 1393 844 1466 potestate
867 1394 939 1451 sunt
959 1392 1039 1452 servi
1062 1391 1153 1452 domi·

147 1479 266 1545 norum’
280 1480 460 1543 conveniunt
478 1479 625 1556 praetoria
643 1479 675 1538 in
694 1479 790 1540 edicto
810 1481 846 1539 de
859 1481 1017 1541 noxalibus
1032 1481 1155 1541 actioni-

147 1574 204 1633 bus
221 1571 377 1649 proposita
390 1563 429 1629 ‘si
446 1569 473 1628 is
491 1568 523 1628 in
541 1569 626 1629 cuius
644 1571 795 1645 potestate
814 1587 878 1630 esse
893 1569 1010 1631 dicatur
1022 1569 1155 1646 negabit,

147 1681 179 1722 se
211 1661 242 1720 in
274 1679 328 1721 soa
358 1660 509 1736 potestate
546 1676 665 1718 servum
696 1652 818 1717 habero'
850 1650 899 1739 (D.
924 1662 953 1737 9,
975 1661 1006 1738 4,
1030 1660 1082 1736 21,
1107 1651 1155 1738 2):

51 1745 54 1751 ’
147 1745 228 1810 ‘nam
255 1750 282 1809 si
309 1767 412 1810 servus
440 1765 549 1808 noxam
572 1746 766 1822 commiserit,
795 1747 939 1824 quamdiu
963 1748 996 1806 in
1022 1751 1077 1806 tua
1102 1767 1155 1823 po·

148 1841 259 1900 testate
279 1840 334 1916 est,
356 1841 457 1897 tecum
476 1839 522 1896 est
540 1827 631 1895 actio'
650 1832 727 1911 (Gai.
744 1838 773 1912 4,
789 1831 853 1914 77).
892 1837 993 1914 itaque
1013 1839 1044 1895 et
1063 1835 1155 1896 Gaius

147 1929 184 1988 de
207 1947 241 1988 eo
265 1927 329 2004 agit
351 1921 416 2003 ‘qui
438 1926 655 2002 interrogatur,
683 1942 722 1982 an
818 1925 851 1983 in
872 1926 1024 2001 potestate
1045 1925 1157 1985 habeat

148 2037 218 2076 eum
245 2015 331 2075 cuius
359 2014 478 2073 nomine
503 2013 605 2073 noxali
627 2011 738 2072 iudicio
761 2013 863 2090 agitur
884 2005 935 2093 (D.
956 2015 1006 2091 11,
1022 2017 1050 2091 1,
1065 2005 1100 2094 5)
1124 2016 1156 2072 et

146 2104 262 2164 Paulus
294 2103 330 2162 de
357 2102 490 2174 domino,
523 2095 592 2177 ‘qui
621 2118 740 2160 servum
768 2102 800 2160 in
827 2121 883 2162 sua
908 2104 1059 2178 potestate
1091 2119 1155 2162 esse

147 2186 318 2253 confitetur'
342 2185 393 2269 (D.
409 2193 437 2266 9,
452 2191 481 2264 4,
498 2191 548 2266 22,
564 2182 597 2268 3)
622 2192 653 2248 et
674 2188 823 2264 Ulpianus
846 2190 882 2249 de
905 2209 999 2264 servo,
1023 2183 1071 2250 ‘de
1095 2209 1156 2266 quo

148 2281 217 2357 quis
237 2280 267 2339 iu
284 2280 350 2339 iure
368 2279 571 2446 i3terrogatus
590 2277 778 2354 responderit
795 2279 827 2337 in
846 2298 900 2339 sua
913 2281 1063 2355 potestate
1077 2273 1154 2339 esse'

163 2369 406 2446 D.11,1‚16.

150 2366 163 2450 <
237 2457 331 2517 Lenel
344 2456 433 2516 Ediot
450 2477 480 2532 p.
496 2457 559 2515 124
571 2473 614 2532 sq.
632 2454 731 2516 docet:
755 2456 835 2533 „Das
854 2450 897 2515 ‘in
910 2459 1062 2534 potestate
1077 2452 1156 2517 esse'

147 2548 189 2608 ist
225 2547 273 2606 die
309 2545 528 2606 thatatchliche
561 2544 642 2605 Seite
676 2544 729 2604 der
754 2545 1073 2623 Passivlegitimation,
1106 2545 1157 2605 die

147 2637 243 2697 neben
262 2635 314 2696 der
332 2635 524 2710 rechtliohen,
544 2634 611 2693 dem
625 2634 797 2712 Eigentum,
815 2633 898 2694 nicht
910 2634 1012 2694 fehlen
1026 2633 1097 2693 dart
1114 2630 1158 2694 ..“

148 2729 181 2785 at
204 2725 272 2786 Gaii
295 2743 371 2802 quae
395 2724 551 2783 attulimus
574 2723 666 2783 verba
688 2725 793 2799 aperte
816 2725 886 2782 sunt
913 2723 950 2782 de
972 2723 1037 2782 iure
1061 2723 1158 2782 domi-

147 2833 264 2891 norum,
286 2814 332 2873 ita
355 2815 389 2871 ut
409 2812 610 2888 peregrinum,
633 2811 717 2872 cuius
737 2829 840 2872 servus
863 2811 900 2871 ab
920 2811 980 2871 alio
997 2829 1160 2887 possessus

149 2903 202 2980 sit,
230 2921 349 2962 servum
373 2894 416 2960 ‘in
439 2919 494 2959 sua
515 2894 678 2976 potestate'
701 2900 750 2961 vel
777 2894 877 2959 ‘suum
900 2895 977 2961 esse'
1000 2898 1159 2960 intendere

146 3009 234 3068 posse
261 2989 379 3049 indicet.
425 2989 526 3064 itaque
548 2987 710 3049 verisimile
735 2991 876 3065 nonest,
905 2987 985 3066 quod
1006 2989 1087 3049 idem
1110 2990 1162 3050 vir

149 3078 339 3140 doctissimus
370 3077 426 3155 ait,
456 3078 655 3154 „dassunser
677 3077 766 3137 Edict
787 3097 845 3137 nur
868 3077 916 3137 die
938 3078 1162 3138 thatsachliche

147 3167 229 3228 Seite
248 3167 300 3227 der
318 3164 622 3243 Passivlegitimation
642 3165 764 3241 betrifft,
787 3167 870 3226 nicht
894 3166 942 3226 die
964 3164 1161 3227 rechtliche“.

148 3257 200 3317 sed
226 3259 298 3316 utut
324 3275 372 3316 res
401 3273 432 3314 se
459 3253 564 3329 babet,
591 3256 671 3314 certe
697 3255 730 3314 in
757 3255 960 3331 compluribus
987 3255 1162 3316 actionibus

148 3345 379 3420 interpretandis
405 3361 466 3402 non
492 3343 579 3402 modo
607 3344 716 3404 civium
743 3344 958 3421 Romanorum,
988 3343 1040 3403 sed
1064 3345 1164 3404 etiam

148 3433 376 3506 provincialium
398 3430 550 3491 hominum
571 3449 672 3492 servos
690 3432 890 3508 respiciendos
909 3433 1003 3493 fuisse
1022 3437 1163 3509 apparet.

237 3519 361 3580 Duobus
393 3519 569 3598 fragmentis
602 3539 637 3579 ex
664 3520 811 3582 Labeonis
839 3522 873 3581 de
901 3524 1040 3598 praetore
1070 3541 1165 3598 pere-
