2512 3888
323 271 325 278 .
376 232 401 282 e.
424 225 608 282 Masurius
628 225 782 284 siamus
855 275 859 283 .
955 192 958 197 ’
1016 226 1081 291 453

79 388 240 473 aediuml)
264 390 395 456 relictus
418 389 469 474 sit,
491 410 587 473 posse
611 410 681 454 eam
706 395 739 457 et
762 413 833 456 oum
856 391 973 456 marito
991 389 1082 455 habi-

78 484 148 544 tare
172 477 309 554 Quintus
331 475 456 542 Mucius
483 478 606 563 primus
635 477 767 544 admisit
860 483 866 560 Ι
885 501 950 544 non
978 479 1081 543 solum

78 572 185 633 autem
205 589 276 632 aum
295 567 422 650 marito,
441 568 496 632 sed
516 569 548 630 et
567 587 638 630 cum
657 567 770 634 liberis
787 567 975 653 libertisque
993 567 1082 633 habi·

77 664 148 722 tare
171 659 204 720 et
227 677 299 721 oum
322 657 509 740 parentibus
532 655 667 740 poterit,
689 661 722 721 et
743 657 791 721 ita
810 659 843 722 et
861 655 970 720 Aristo
990 661 1084 721 notat

78 745 120 812 ad
143 743 307 810 Sabinum.

168 856 311 916 Sabinum
333 856 363 915 id
386 875 445 917 non
469 857 530 916 sine
552 856 741 917 distinetione
761 856 915 917 admisisse
934 854 1081 916 Aristonis

77 949 151 1006 notu
172 946 288 1023 probat.
324 944 482 1005 mulierem
504 946 553 1006 vel
577 939 655 1006 ‘oum
678 940 808 1005 libertis'
831 945 966 1004 habitare
989 962 1085 1023 posse,

78 1035 200 1094 minime
221 1033 361 1111 probavit
384 1032 518 1094 Sabinus.
561 1035 597 1094 de
620 1035 806 1095 habitatione
828 1033 944 1113 legata,
967 1033 1003 1093 de
1026 1052 1085 1109 qua

77 1123 225 1202 Ulpianus
252 1123 285 1182 P.
305 1125 390 1183 2576
424 1123 559 1200 disserit,
591 1123 734 1183 Sabinum
765 1143 825 1184 uon
851 1123 947 1183 videri
976 1121 1084 1182 dixisse

77 1211 171 1272 Lenel
185 1211 205 1271 l.
220 1230 243 1271 o.
257 1231 288 1288 p.
301 1214 343 1272 42
366 1212 492 1271 monuit.

168 1312 233 1378 35?
257 1311 296 1377 D.
311 1314 340 1395 7,
354 1314 384 1391 8,
399 1313 427 1378 8.
463 1309 623 1396 Ulpianus
642 1314 725 1379 libro
745 1314 882 1398 septimo
902 1313 1026 1378 decimo
1045 1311 1085 1376 ad

79 1401 236 1468 Sabinum
269 1398 317 1486 (P.
336 1397 464 1487 2575l).
496 1435 537 1448 —
566 1447 602 1465 ..
630 1403 658 1466 si
689 1425 767 1467 usus
800 1402 926 1466 aedium
958 1401 1086 1467 mulieri

77 1492 206 1574 legatus
239 1489 282 1553 sit
313 1511 351 1552 ea
381 1489 565 1554 condicione
593 1489 633 1554 ‘si
660 1512 680 1554 a
706 1491 776 1556 uiro
805 1489 1011 1575 divertisset',
1038 1512 1087 1553 re-

79 1577 271 1643 mittendam
299 1577 329 1642 ei
357 1576 576 1642 condicionem
603 1583 636 1643 et
662 1599 733 1643 oum
761 1579 830 1644 viro
858 1580 1087 1644 habitaturam.

168 1688 316 1766 Ulpianus
348 1689 443 1748 addit:
476 1683 568 1766 ‘quod
600 1693 632 1750 et
662 1690 845 1767 Pomponius
875 1691 952 1751 libro
984 1689 1088 1768 quinto

79 1773 210 1856 probat'3
231 1778 334 1853 itaque
356 1779 484 1836 fortasse
508 1777 609 1837 Sabini
631 1797 806 1856 responsum
829 1780 941 1841 subest.

441 1955 488 2015 De
510 1957 572 2016 dote
594 1957 729 2031 relegato.

168 2079 213 2138 De
241 2079 310 2139 dote
337 2079 472 2157 relegata
499 2079 639 2140 dixerunt
666 2080 788 2142 Servius
817 2073 848 2163 (I
865 2101 893 2158 p.
910 2073 1001 2163 170),
1026 2080 1086 2140 Na·

77 2187 166 2230 musa
194 2161 237 2248 (p.
252 2160 344 2245 277),
373 2167 501 2229 Alfenus
525 2167 567 2245 (p.
584 2162 675 2250 301),
704 2169 811 2232 Ofilius
839 2161 881 2251 (p.
896 2162 989 2251 338),
1015 2168 1085 2230 Oas-

78 2258 183 2317 oellius
212 2251 253 2334 (p.
274 2247 361 2334 371).
408 2276 442 2316 ex
469 2258 553 2318 libris
582 2259 618 2317 ad
642 2258 785 2320 Sabinum
813 2259 848 2318 de
874 2259 929 2319 huo
952 2277 984 2319 re
1006 2259 1087 2335 frag-

77 2349 180 2406 menta
194 2348 297 2405 extant
310 2345 397 2404 Pauli
410 2346 443 2406 P.
455 2349 548 2407 1662.
567 2350 661 2425 1663,
675 2348 797 2424 Ulpiani
811 2350 842 2409 P.
853 2349 1087 2424 aoso—2600,

77 2434 235 2510 Pomponii
257 2454 317 2494 non
339 2436 450 2494 extant.
495 2453 571 2512 quae
593 2435 773 2512 Pomponius
802 2439 951 2516 exposuit,
979 2456 997 2496 a
1019 2436 1084 2495 ‘Pri-

77 2522 207 2584 boniano
244 2523 343 2582 deleta
378 2527 456 2582 sunt.
511 2523 614 2583 Sabini
650 2543 768 2601 quoque
804 2525 974 2602 fragmenta
1005 2528 1087 2584 oerta

77 2631 139 2672 non
161 2610 332 2673 traduntur.
368 2629 444 2689 quae
463 2611 497 2669 D.
513 2612 563 2685 33,
578 2614 608 2687 4,
626 2615 698 2688 lpr.
717 2610 737 2686 ἓ
754 2617 769 2671 1
796 2614 973 2673 afferuntur:
997 2608 1086 2672 ‘Cum

78 2701 133 2762 dos
159 2701 326 2780 relegatur,
355 2717 460 2761 verum
488 2703 546 2776 est,
579 2700 610 2760 id
637 2700 716 2760 dotis
742 2702 842 2779 legato
870 2701 980 2778 inesse,
1006 2700 1088 2777 quod

78 2789 195 2850 notione
226 2791 271 2850 ret
301 2791 422 2848 ueniae
451 2787 558 2849 inerat.
607 2791 638 2849 et
668 2789 737 2850 ideo
768 2792 793 2850 si
824 2789 902 2850 inter
930 2789 1029 2850 virum
1057 2791 1087 2847 et

76 2898 203 2939 uxorem
225 2881 413 2951 convenerat,
436 2880 590 2939 utmorte
612 2879 672 2941 viri
694 2879 794 2940 soluto
813 2877 1002 2939 matrimonio
1025 2876 1086 2936 filio

81 2969 231 3028 communi
249 2967 466 3029 interveniente
484 2967 537 3028 dos
551 2969 632 3045 apud
645 2969 746 3029 mariti
759 2969 897 3029 heredem
910 2968 1085 3042 remaneret,

78 3059 110 3116 et
137 3055 262 3116 maritus
290 3055 433 3117 decedens
460 3056 563 3116 dotem
588 3057 781 3137 relegaverit,
809 3058 884 3118 stari
911 3058 1000 3134 paeto
1026 3073 1086 3114 non

79 3145 169 3205 debet
194 3145 232 3205 ob
254 3145 311 3206 hoo
334 3144 414 3223 quod
437 3145 491 3204 dos
512 3145 647 3224 relegata
670 3141 727 3207 est'
749 3147 911 3223 Ulpianum
935 3134 954 3204 a
977 3143 1086 3204 Sabino

78 3233 221 3311 petivisse
239 3233 332 3294 Lenel
349 3235 368 3294 l.
382 3234 403 3294 1.
417 3253 445 3310 p.
460 3235 502 3294 43
521 3237 622 3310 putat;
646 3235 697 3294 sed
716 3235 795 3312 quod
813 3235 946 3294 additur:
970 3227 1086 3294 ‘verum

80 3327 111 3382 et
143 3322 218 3382 eitra
249 3323 465 3401 relegationem
491 3323 548 3382 hoe
573 3322 694 3399 probari
722 3318 830 3398 debet',
862 3343 921 3383 non
947 3323 1087 3382 idoneum

79 3414 290 3489 argumentum
314 3414 368 3472 est.
404 3412 484 3471 idem
505 3412 552 3472 vir
572 3411 762 3472 doctissimus
782 3413 820 3472 ad
838 3412 905 3491 Ulp.
921 3414 1006 3473 2597
1021 3431 1050 3474 n.
1066 3413 1084 3470 7

79 3499 198 3577 eonioit,
220 3499 363 3559 Sabinum
385 3500 461 3560 utile
486 3518 549 3561 esse
570 3501 704 3580 legatum
723 3502 801 3563 dotis
818 3504 942 3582 propter
959 3518 1087 3564 eommo-

80 3590 151 3648 dum
173 3588 456 3663 repraesentationis
474 3590 636 3668 scripsisse.
