2506 3880
386 163 409 213 7.
433 157 470 214 Μ.
488 157 680 214 ANTISTIUS
698 158 817 216 LABEO
1039 161 1103 228 153

430 362 476 421 De
498 364 578 422 bouis
601 357 776 422 libertorum.

187 480 216 544 6.
245 477 284 545 D.
305 479 357 564 38,
370 481 399 564 2,
414 480 465 545 51.
511 479 620 546 Labeo
652 480 736 545 libro
766 482 871 565 primo
894 482 1056 550 Pithanon
1083 507 1103 550 a

99 568 198 634 Paulo
213 569 470 652 epitomatorem.
487 605 525 616 -
542 568 580 634 Si
592 571 719 634 eumdem
738 569 879 634 libertum
896 577 924 635 et
941 578 975 636 tu
992 575 1103 656 capitis

99 659 248 723 accusasti
270 661 298 721 et
315 662 405 739 potu
427 664 498 723 tuus
524 659 720 740 manumisit,
747 678 810 724 mou
827 661 940 740 poterit
962 661 1017 725 tibi
1038 663 1104 729 eius

100 747 197 811 tiberii
220 746 367 810 bouorum
382 748 534 828 possessio
556 767 593 812 ea
614 747 708 811 edicto
724 747 881 828 praetoris
902 748 983 814 dari.

471 982 518 1041 De
539 983 731 1042 servitutibus.

183 1101 211 1164 7.
241 1098 279 1163 D.
303 1099 332 1183 8,
347 1100 377 1182 5,
391 1101 444 1164 21.
495 1099 603 1165 Labeo
639 1100 722 1165 libro
755 1101 859 1185 primo
889 1099 1051 1165 Pithanon
1083 1124 1102 1166 a

95 1188 196 1254 Paulo
220 1189 480 1272 epitomatorem.
501 1225 539 1236 -
561 1188 598 1255 Si
620 1210 682 1271 qua
704 1210 787 1271 aqua
808 1190 946 1255 uoudum
967 1195 1104 1276 apparet,

95 1280 158 1344 eius
182 1279 240 1342 iter
262 1278 369 1343 ductus
390 1279 532 1342 coristitui
553 1298 615 1342 uou
632 1283 741 1360 potest.

182 1407 219 1466 of.
238 1405 274 1466 D.
295 1408 367 1483 ss,3,
384 1409 434 1466 10.
478 1406 561 1464 Idem
585 1397 727 1489 (Paulus)
749 1406 826 1465 libro
854 1406 1102 1486 quadragensimo

94 1514 170 1555 nono
195 1495 233 1554 ad
256 1494 395 1554 edietum.
441 1489 553 1554 ‘Labeo
579 1495 623 1554 ait
645 1495 737 1554 talem
761 1497 936 1556 servitutem
959 1497 1103 1556 constitui

93 1602 190 1661 posse,
212 1587 249 1642 ut
271 1601 379 1660 aquam
399 1602 540 1661 quaerere
560 1586 591 1643 et
610 1583 763 1643 inventam
781 1583 889 1644 ducere
907 1584 1009 1644 liceat:
1032 1603 1101 1645 nam

94 1673 162 1733 si..
178 1666 198 1732 .'
230 1674 304 1732 haee
327 1672 359 1730 in
381 1671 458 1732 libro
481 1675 586 1748 postea
610 1672 721 1747 scripto
744 1671 865 1732 videtur
887 1674 1036 1749 probasse.

396 1902 443 1962 De
465 1905 604 1976 emptioue
626 1903 793 1962 coaditioue.

457 2018 500 2073 De
517 2019 605 2087 dudo
624 2019 740 2074 vendito.

182 2128 213 2192 8.
240 2125 279 2192 D.
300 2127 350 2211 19,
368 2126 461 2210 1,53‚
478 2129 505 2192 1.
554 2126 663 2192 Labeo
691 2127 775 2194 libro
803 2124 973 2195 Pibhanon.
998 2167 1039 2176 -
1063 2129 1101 2195 Si

91 2236 161 2281 eum
187 2214 322 2296 fundum
344 2215 519 2298 vendidisti,
545 2217 582 2282 iu
604 2237 663 2299 quo
685 2218 857 2299 sepulcrum
878 2218 1026 2302 habuisti,
1049 2239 1102 2284 uec

91 2305 279 2369 uomiuatim
315 2303 371 2368 tibi
405 2305 576 2386 sepumrum
612 2307 767 2392 eucemsti,
797 2328 915 2390 porum
949 2307 1038 2374 babes
1069 2327 1101 2373 eo

13 2419 14 2458 i
94 2394 219 2458 uoruiue
240 2398 373 2458 cautum.

451 2497 495 2552 De
512 2496 606 2551 inuata
623 2497 741 2551 eeudita.

181 2604 212 2668 9.
236 2603 273 2668 D.
293 2603 369 2668 ibid.
388 2628 434 2689 pr.
459 2639 496 2652 -
523 2603 561 2670 Si
583 2605 746 2668 mercedem
768 2605 889 2668 iusutae
910 2626 1101 2672 accessuram

91 2713 153 2758 esse
175 2694 305 2774 cumtori
327 2694 441 2758 dictum
464 2697 516 2771 est,
538 2692 650 2775 quanti
667 2691 773 2756 iusuia
793 2693 890 2756 iocata
907 2695 958 2776 est,
981 2698 1102 2758 tautum

91 2783 222 2864 cautiori
237 2787 420 2863 praestetur.

183 2879 234 2945 10.
257 2879 297 2944 D.
315 2879 392 2945 ibid.
409 2881 429 2960 ξ
448 2880 479 2945 2.
502 2915 544 2926 -
567 2877 606 2943 Si
627 2877 849 2944 babitatombus
871 2876 1018 2944 babitatio
1041 2878 1102 2961 deae

89 2968 277 3033 ueuditiouis
294 2973 410 3049 recepta
428 2972 479 3050 est,
497 2968 638 3033 omuibus
656 2969 691 3033 iu
708 2988 744 3032 ea
760 2967 967 3033 dubitantibus
977 2971 1102 3049 praeter

88 3057 250 3121 domiuum
272 3061 348 3121 reate
369 3061 485 3142 recepta
507 3056 655 3148 babitatio
677 3060 730 3121 est.

182 3153 233 3218 11.
263 3151 303 3219 D.
321 3154 373 3235 20,
394 3156 422 3235 1,
441 3154 492 3219 35.
546 3152 654 3218 Labeo
686 3152 771 3218 libro
802 3153 907 3238 primo
939 3151 1100 3217 Pithanon

58 3285 63 3296 ·
89 3263 108 3305 a
141 3241 244 3306 Paulo
278 3243 536 3326 epitomatorem.
563 3277 607 3287 -
634 3240 673 3306 Si
702 3241 821 3323 iusum,
852 3261 947 3323 quam
979 3241 1034 3305 tibi
1064 3259 1101 3305 eu

82 3335 178 3412 pacto
210 3335 353 3396 eouoeuto
385 3332 471 3396 licuit
500 3331 638 3410 oeudere,
670 3329 824 3394 commem
854 3334 910 3412 cst,
941 3330 1048 3396 deiude
1079 3349 1101 3394 a

87 3420 221 3485 debitore
252 3418 388 3504 <aere2>
419 3440 474 3485 sao
509 3419 661 3502 restituite,
695 3418 776 3483 Mem
812 3419 847 3484 im
881 3439 962 3484 uoaa
997 3419 1102 3486 iusuia
1186 3457 1213 3459 -κ

88 3509 173 3576 iuris
195 3507 294 3574 babes.
