2512 3888
166 124 233 188 414
274 123 307 181 ΙΙ.
335 123 404 180 ΤΙΒ.
424 123 500 179 GAII
524 122 653 178 GLAUD.
673 122 808 179 NERON.
829 121 939 178 ΤΕΜΡ.
956 121 1053 178 IURIS
1076 121 1179 181 CONS.

166 311 227 352 non
242 292 333 369 exigi;
347 311 416 351 nam
432 292 459 352 si
473 293 520 353 vel
535 309 623 352 sensu
637 291 792 370 percipiat,
806 292 952 369 sufficere,
966 291 1045 367 quod
1054 293 1180 370 rescrip-

167 384 233 440 tum
256 379 405 456 Ulpianus
433 381 471 440 ad
495 380 640 441 Sabinum
665 381 741 440 libro
764 380 780 439 Ι
801 380 896 439 refert
918 376 968 457 (D.
984 383 1035 456 28,
1051 384 1079 456 1,
1095 383 1179 458 20,9

167 469 199 528 P.
217 462 339 546 24300).
384 469 621 545 nuncupativum
649 470 729 529 enim
757 471 970 529 testamentum
999 469 1054 528 illa
1082 472 1180 531 aetate

166 559 198 617 in
221 577 278 618 usu
302 577 367 618 esso
389 559 452 619 fere
475 559 573 618 desiit.
1178 551 1180 558 ’

257 641 380 707 ‘Servus
413 666 531 725 quoque
565 648 673 706 merito
706 646 744 707 ad
776 647 933 706 sollemnia
959 646 1097 706 adhiberi
1122 666 1181 707 non

167 731 280 814 potest'
311 731 473 816 (Ulpianus
505 735 583 796 libro
610 737 626 796 I
658 736 696 795 ad
729 735 872 796 Sabinum
899 736 935 796 D.
956 737 1011 812 28,
1031 739 1064 810 1,
1084 737 1178 814 20,7

171 824 203 885 P.
221 818 349 906 24300),
374 844 412 884 ne
439 825 484 885 ita
511 825 643 902 quidem,
672 825 698 884 si
725 824 854 884 habetur
881 825 964 884 liber.
1010 823 1179 884 Hadrianus

169 914 290 974 demum
308 913 469 992 rescripsit,
486 916 580 974 testes
598 916 702 973 utrum
720 913 800 974 servi
813 933 851 973 an
865 912 954 973 libori
967 913 1104 991 fuissent,
1122 933 1181 973 non

171 1009 308 1080 oportere
326 1003 359 1062 in
376 1003 432 1063 hac
451 1021 542 1062 causa
560 1002 694 1078 tractari,
712 995 792 1061 ‘cum
807 1021 842 1062 eo
855 1005 999 1080 tempore,
1016 1020 1075 1078 quo
1087 1007 1180 1062 testa·

170 1097 305 1152 mentum
320 1093 505 1170 signabatur,
523 1091 657 1152 omnium
671 1109 815 1151 consensu
829 1091 991 1151 liberorum
1005 1091 1070 1150 loco
1085 1090 1181 1150 habiti

169 1184 240 1240 sunt
261 1199 316 1239 uec
340 1179 500 1257 quisquam
525 1181 567 1240 eis
590 1199 687 1257 usque
710 1179 807 1240 adhuc
830 1183 928 1240 status
947 1180 1180 1241 controversiam

166 1264 314 1330 moverit'.
347 1267 378 1328 0.
395 1270 423 1345 6,
438 1271 489 1346 23,
507 1272 534 1329 1.

254 1358 301 1417 De
333 1357 462 1417 testibus
494 1356 634 1417 dixerunt
665 1358 696 1416 in
724 1357 809 1417 libris
836 1357 875 1417 ad
903 1357 1048 1417 Sabinum
1076 1356 1180 1432 Pomp.

166 1448 203 1507 D.
219 1450 270 1523 22,
285 1448 315 1522 5,
331 1448 373 1507 10
391 1445 424 1505 P.
435 1449 513 1523 3793
531 1447 616 1508 Paul
632 1447 667 1507 D.
684 1449 735 1525 22,
750 1449 779 1524 5,
795 1449 813 1507 9
833 1446 867 1505 Ρ.
879 1448 978 1521 15983
996 1445 1067 1520 Ulp.
1083 1443 1119 1506 D.
1132 1448 1182 1523 28,

170 1540 198 1614 1,
228 1538 268 1597 18
284 1555 329 1612 pr.
366 1535 402 1593 D.
428 1538 478 1611 28,
508 1539 537 1609 1,
566 1538 616 1596 20.
651 1539 701 1611 50,
728 1538 777 1614 17,
802 1538 830 1595 2.
859 1537 1180 1614 28,1,20,7-10.

166 1625 198 1684 P.
215 1627 324 1702 24230,
342 1626 442 1703 2430,
470 1625 537 1685 aliis
560 1625 688 1685 fortasse
711 1625 897 1701 fragmentis.
942 1624 978 1685 cf.
1000 1623 1095 1684 Lenel
1118 1624 1137 1684 1.
1157 1643 1180 1685 c.

165 1734 193 1790 p.
210 1717 251 1774 21
271 1734 299 1773 n.
316 1716 344 1774 1.

260 1824 300 1889 1?
324 1823 364 1889 D.
379 1826 431 1908 28,
448 1824 476 1908 1,
490 1826 543 1908 21,
557 1825 587 1888 2.
632 1824 720 1888 Idem
744 1819 802 1910 (sc.
824 1819 1000 1909 Ulpianus)
1023 1822 1109 1888 libro
1136 1845 1181 1888 se·

172 1913 276 1978 cundo
305 1913 346 1976 ad
374 1911 530 1978 Sabinum
557 1911 608 1999 (P.
623 1909 737 1998 2437).
763 1948 806 1959 -
834 1911 872 1976 In
900 1914 1115 1993 testamentis,
1149 1913 1180 1976 in

170 2001 287 2086 quibus
316 2004 419 2066 testes
446 2002 553 2086 rogati
581 2001 692 2066 adesse
721 2001 851 2085 debent,
882 2004 919 2064 ut
949 2004 1181 2066 testamentum

168 2090 238 2174 fiat,
261 2089 392 2154 alterius
414 2091 462 2154 roi
481 2111 578 2154 causa
597 2089 681 2154 forto
699 2091 832 2174 rogatos
851 2088 892 2154 ad
909 2088 1097 2154 testandum
1116 2113 1181 2155 non

168 2199 237 2242 esse
260 2178 393 2242 idoneos
417 2179 531 2262 placet.

256 2298 303 2358 De
329 2297 496 2374 libripenda
523 2298 644 2359 videtur
672 2297 780 2357 dixisse
805 2297 952 2374 Ulpianus
974 2298 1008 2357 D.
1024 2300 1077 2376 41,
1094 2302 1124 2376 1,
1141 2302 1180 2358 17

167 2387 198 2448 Ρ.
215 2389 310 2448 2428.
345 2387 380 2446 de
399 2407 468 2448 aare
487 2390 566 2448 certo
585 2387 661 2446 dixit
678 2387 758 2446 idem
775 2387 813 2448 D.
828 2388 879 2460 50,
895 2389 945 2466 16,
961 2389 1023 2448 159
1044 2387 1076 2449 Ρ.
1093 2391 1179 2450 2429

161 2470 297 2556 (Uitiam
320 2495 426 2538 aureos
448 2495 587 2537 nummos
610 2495 662 2536 aes
685 2469 847 2558 dicimus').
872 2506 910 2518 -

257 2561 304 2626 ‘In
321 2568 513 2643 testamento,
536 2566 617 2644 quod
639 2586 693 2642 per
716 2583 766 2625 aas
785 2568 816 2624 et
833 2565 943 2624 libram
964 2564 1008 2640 fit,
1031 2565 1109 2625 duae
1133 2583 1181 2625 res

169 2659 310 2735 aguntur,
332 2656 465 2717 familiae
496 2655 677 2733 mancipatio
710 2657 741 2714 et
772 2653 955 2730 nuncupatio
982 2648 1180 2714 testamenti'.

164 2744 234 2821 Ulp.
250 2748 301 2824 20,
316 2748 345 2806 9.
726 2771 728 2776 ·

464 2844 508 2897 Dc
524 2843 650 2910 familiae
667 2841 877 2910 mancipatione.

255 2957 401 3017 Familiae
420 2955 600 3033 mancipatio
619 2955 663 3014 ita
682 2955 795 3033 agitur:
811 2955 863 3034 qui
876 2954 949 3015 facit
962 2958 1182 3017 testamentum

167 3047 319 3123 mancipat
337 3046 428 3107 alicui
446 3045 519 3104 dieis
538 3044 638 3124 gratia
655 3043 802 3104 familiam
820 3063 919 3122 snam;
942 3044 973 3103 in
991 3064 1052 3122 qua
1074 3063 1108 3104 ro
1133 3045 1182 3104 his

167 3137 266 3196 verbis
285 3135 417 3194 familiae
432 3137 549 3210 emptor
562 3133 674 3195 utitur:
689 3126 817 3193 ‘familia
831 3133 1018 3210 pecuniaque
1033 3135 1087 3193 tua
1102 3135 1182 3193 oudo

169 3224 370 3284 mandatelam
407 3223 648 3299 custodelamque
685 3241 794 3300 meam,
831 3241 889 3301 quo
921 3225 956 3282 tu
988 3222 1053 3282 inre
1084 3224 1183 3282 tosta·

166 3316 302 3372 mentum
319 3313 417 3371 facere
436 3312 534 3387 possis
554 3311 719 3372 secundum
737 3312 834 3389 legem
852 3311 1013 3387 publicam,
1032 3312 1091 3371 hoo
1110 3329 1183 3372 aero

168 3402 231 3460 esto
263 3399 338 3458 mihi
370 3391 491 3475 empto'.
541 3401 647 3460 deinde
680 3419 747 3458 aare
774 3400 906 3475 percutit
932 3399 1054 3478 libram,
1086 3400 1184 3478 idque

169 3506 219 3548 aas
238 3489 290 3548 dat
309 3487 449 3551 testatori
467 3489 552 3548 volnt
569 3488 659 3564 pretii
677 3488 751 3548 loco.
789 3486 853 3548 Gai.
869 3491 897 3565 2,
914 3491 984 3550 104.
1000 3489 1036 3547 ef.
1052 3490 1082 3562 2,
1098 3490 1184 3550 149·
