2580 3888
169 177 235 241 356
279 176 314 230 11.
343 174 411 229 mu.
432 173 507 229 esu
530 173 657 232 euauu.
681 173 1058 230 Nuflou.TullP.1Uffls
1082 174 1185 231 eous

173 340 205 404 id
235 341 285 402 est
315 360 357 402 an
384 338 515 422 perinde
544 337 632 402 detio
657 341 689 402 εὴ
712 337 873 422 ademptio
898 339 995 402 etiam
1019 338 1081 402 hoc
1103 341 1186 403 tem-

171 449 248 510 pore
286 427 442 493 codicillis
480 428 568 494 faeta
600 428 706 492 valeat
739 449 776 491 ac
809 428 837 492 si
868 430 1062 492 testamento
1096 426 1186 493 facta

173 519 266 581 esset.
305 516 392 601 quod
410 514 566 581 Sabinum
586 519 618 579 et
633 514 781 582 Cassium
800 516 1004 599 respondisse
1024 515 1114 580 aiunt
1133 566 1140 580 .
1156 567 1187 582 ..

174 604 287 670 Sabini
312 610 344 669 et
367 605 471 670 Cassii
495 604 658 689 collectio,
686 627 782 688 quem
807 608 839 668 et
861 606 924 688 ipsi
948 604 1099 689 reddunt,
1130 605 1187 670 illa

173 698 231 776 est,
252 694 336 778 quod
355 694 495 759 codicilli
514 715 572 776 pro
591 699 684 777 parte
701 693 890 758 testamenti
903 693 1063 758 habentur
1078 694 1187 760 obser·

173 784 400 868 rationemque
424 786 457 846 et
481 782 586 866 legem
610 783 688 846 iuris
714 781 787 846 inde
810 782 966 846 traditam
990 786 1127 847 servent.

264 877 438 938 Triboniani
461 895 567 936 manus
592 867 769 957 (collectio,
798 895 888 954 quam
911 880 942 936 et
963 876 1022 952 ipsi
1044 871 1187 938 reddunt'

178 958 285 1048 ‘inde')
309 969 414 1043 aperta
437 968 490 1025 est.

518 1126 564 1186 De
586 1126 715 1184 libertate
736 1126 845 1185 relicta.

269 1255 319 1319 14.
353 1253 392 1319 D.
406 1254 458 1336 40,
473 1255 502 1335 4,
523 1253 618 1337 18pr.
659 1252 746 1317 Idem
771 1249 828 1339 (sc.
847 1249 1006 1340 Iulianus)
1030 1253 1113 1316 libro
1139 1275 1189 1318 se-

177 1342 280 1408 cundo
314 1343 354 1407 ad
387 1342 539 1407 Urseium
572 1341 720 1407 Ferocem
753 1340 802 1428 (P.
823 1338 911 1427 901).
939 1377 983 1388 —
1012 1339 1074 1416 Qui
1106 1341 1189 1407 duos

176 1432 309 1497 heredes
353 1431 556 1513 instituebat,
597 1434 673 1514 post
714 1431 845 1495 alterius
886 1434 1022 1495 mertem
1060 1452 1190 1494 servum

178 1523 316 1586 liberum
340 1542 411 1584 esse
434 1521 586 1603 iusserat;
609 1520 638 1583 is
661 1541 699 1584 ex
723 1520 813 1584 cuius
838 1525 940 1583 morte
959 1518 1093 1596 libertas
1112 1541 1190 1602 pen·

177 1610 289 1692 debat,
323 1610 397 1674 vivo
429 1612 585 1673 testatore
613 1608 803 1673 decesserat.
854 1605 992 1672 Sabinus
1020 1608 1191 1691 respondit

176 1700 332 1782 <statim>
354 1698 492 1762 liberum
515 1697 667 1762 futurum.

614 1881 661 1940 De
682 1882 753 1940 dote.

269 2007 318 2073 15.
357 2008 395 2073 D.
410 2008 463 2094 35,
478 2011 506 2072 1.
522 2009 573 2092 71,
587 2008 617 2071 3.
665 2006 753 2071 Idem
781 2003 838 2089 (sc.
862 2003 1073 2094 Papinianus)
1102 2007 1191 2074 libro

179 2097 317 2181 septimo
334 2096 456 2160 decimo
473 2096 706 2173 Quaestionum
720 2092 770 2181 (P.
784 2092 872 2183 264).
888 2133 930 2143 -
950 2095 1049 2160 ‘Titio
1068 2116 1191 2181 genero

178 2207 249 2250 meo
273 2185 366 2248 heres
392 2207 481 2249 meus
509 2184 593 2249 dotis
618 2182 709 2248 Seiae
738 2184 823 2248 filiae
852 2207 941 2249 meae
963 2185 1092 2249 nomine
1115 2207 1192 2250 een-

177 2279 246 2339 tum
257 2272 344 2337 dato'
361 2322 369 2336 .
385 2271 560 2338 ..Sabinus
573 2273 815 2338 ..existimabat
833 2279 934 2357 nupta
952 2274 1085 2338 muliere
1100 2273 1192 2341 Titio

179 2365 247 2428 sine
271 2362 420 2427 cautione
443 2363 586 2447 legatum
609 2361 728 2441 deberi,
757 2364 908 2446 quoniam
938 2363 1075 2446 pecunia
1102 2362 1191 2428 dotis

179 2453 366 2516 efficeretur.

269 2542 319 2605 16.
353 2539 390 2604 D.
409 2541 462 2618 24,
482 2541 512 2626 3,
530 2540 582 2624 22,
602 2541 652 2606 12.
698 2539 786 2604 Idem
816 2538 873 2622 (so.
900 2537 1075 2625 Ulpianus)
1103 2539 1192 2605 libro

178 2631 368 2715 trigensimo
392 2630 489 2696 tertio
513 2631 552 2694 ad
576 2631 713 2694 edictum
742 2628 792 2713 (P.
811 2625 900 2715 955).
927 2665 970 2676 —
999 2629 1093 2694 ...si
1121 2627 1192 2694 filio

178 2721 254 2784 data
278 2720 321 2782 sit
344 2714 403 2806 (sc.
422 2718 494 2804 dos)
519 2740 584 2782 non
602 2721 692 2784 iussu
710 2719 823 2803 patris,
846 2716 985 2783 Sabinus
1004 2721 1037 2782 et
1057 2715 1192 2783 Cassius

179 2808 413 2892 responderunt
445 2807 548 2871 nihilo
582 2809 688 2872 minus
721 2829 794 2871 cum
824 2811 917 2890 patre
945 2807 999 2891 agi
1026 2810 1193 2890 oportere3

182 2896 283 2963 videri
307 2897 392 2961 enim
417 2897 456 2960 ad
481 2917 553 2960 eum
572 2895 752 2980 pervenisse
772 2895 888 2979 dotem,
911 2917 1007 2980 penes
1026 2917 1121 2979 quem
1141 2901 1195 2960 est

202 2987 346 3050 eculium.

179 3009 199 3071 p
269 3077 333 3139 17⁸.
360 3072 436 3137 Vat.
455 3073 476 3138 f.
495 3073 569 3138 269.
603 3072 762 3158 Ulpianus
790 3073 873 3136 libro
902 3069 1007 3138 XLVI
1032 3071 1073 3136 ad
1097 3069 1194 3136 Sabi-

178 3185 255 3227 num
285 3161 336 3248 (P.
352 3158 478 3248 2903b).
505 3198 542 3208 —
649 3161 787 3226 Sabinus
818 3160 877 3245 ait,
905 3163 933 3225 si
960 3161 1063 3226 inscia
1089 3183 1194 3228 uxore

179 3253 231 3314 vel
259 3253 362 3315 invita
392 3253 525 3315 maritus
553 3251 587 3314 in
616 3252 722 3316 dotem
750 3251 850 3329 dedit,
882 3272 950 3315 rem
981 3251 1091 3314 mariti
1123 3271 1195 3315 non

183 3361 252 3404 esse
272 3339 390 3404 factam
409 3344 442 3404 et
460 3340 532 3403 ideo
552 3339 708 3406 vindicari
727 3340 767 3404 ab
787 3339 902 3403 herede
921 3339 1064 3404 mulieris
1082 3359 1194 3423 posse.

268 3451 432 3510 Mommsen
455 3453 554 3510 notat:
582 3445 720 3510 ‘maritus
748 3451 928 3510 vocabulum
955 3451 1052 3511 delevi
1075 3470 1130 3528 ego
1155 3470 1195 3512 eo

181 3556 296 3614 quoque
312 3538 429 3598 nomine
449 3539 609 3599 molestum
624 3541 702 3617 quod
717 3559 786 3599 mox
802 3539 959 3616 repetitur,
978 3539 1198 3616 supplendum·
