2506 3880
414 170 437 220 7.
460 165 497 220 Μ.
513 163 706 220 ANTISTIUS
724 163 842 219 LABEO
1069 163 1132 228 103

118 328 226 394 Labeo
255 329 317 410 ait,
344 348 385 392 ne
407 327 442 392 in
464 326 624 411 pupillum
650 327 689 391 de
712 327 786 393 dolo
810 327 903 392 detur
926 326 1042 411 aetio[,
1070 327 1133 392 nisi

119 419 205 484 forte
228 418 360 482 nomine
382 413 575 482 hereditario
599 416 851 506 conveniatur}¹

209 531 246 589 of.
265 529 392 588 Pernioe
415 528 515 588 Labeo
533 518 578 586 11⁹
594 530 622 605 1,
638 529 699 606 201
720 546 749 588 u
768 529 797 587 3.

104 689 109 697 .
208 631 262 695 40.
285 629 325 694 D.
339 631 371 711 4,
385 631 415 713 3,
429 631 482 694 21.
521 627 681 713 Ulpianus
704 629 787 692 libro
810 627 978 693 undecimo
1002 627 1043 693 ad
1066 628 1130 694 edi·

117 726 209 785 etum
229 715 280 806 (P.
295 716 385 804 391).
405 755 447 764 —
537 719 566 782 si
585 718 642 799 fwr
664 717 827 782 deferente
851 739 902 782 me
925 717 1076 782 iuraverit
1098 721 1131 782 et

117 809 290 873 absolutus
323 806 390 886 sitl,
422 811 536 892 postea
568 807 745 890 periurium
776 803 876 871 fuerit
908 805 1130 889 adprobatum,

114 896 227 962 Labeo
250 896 297 961 ait
319 896 358 961 de
381 895 456 961 dolo
479 896 640 961 sotionem
662 896 696 960 in
720 913 793 961 eum
815 893 964 959 dandam.

319 1063 366 1122 De
387 1062 547 1122 minuitas
568 1063 671 1136 otplntt
693 1063 818 1138 quiaque
841 1062 936 1120 uuum.
1069 1099 1072 1105 -

148 1228 153 1240 ,
208 1173 263 1237 41.
289 1170 328 1238 D.
345 1172 377 1253 4,
396 1173 428 1253 4,
449 1172 499 1255 13,
519 1173 546 1236 1.
594 1169 754 1254 Ulpianus
782 1168 866 1236 libro
894 1168 1062 1235 undecimo
1090 1168 1131 1234 ad

118 1260 261 1326 edietum
290 1258 341 1347 (P.
358 1257 449 1346 405).
471 1297 513 1306 -
541 1259 740 1344 Pomponius
817 1309 824 1324 .
847 1259 931 1324 libro
955 1256 1130 1323 vicensimo

119 1353 238 1416 octavo
261 1349 375 1415 scribit
392 1347 575 1414 Labeonem
600 1348 810 1431 existimasse,
834 1349 863 1412 si
886 1346 991 1412 minor
1013 1345 1130 1430 viginti

115 1438 257 1523 quinque
272 1439 366 1504 annis
380 1436 516 1503 fundum
525 1437 669 1504 vendidit
678 1440 711 1501 et
719 1435 856 1501 tradidit
865 1431 1129 1523 (mancipanti),

115 1528 145 1593 si
176 1531 304 1612 emptor
336 1547 446 1592 rursus
475 1548 547 1592 eum
576 1525 742 1608 alienavit,
776 1525 818 1606 [si
844 1525 974 1627 quidem
1002 1528 1129 1608 emptor

113 1617 956 1788 999999)1ἓὲ.ἕῑέ9..ΐῑέὲὶ“ἳ.ῖῑῖῒ.
975 1611 1129 1767 llttltt

114 1797 219 1878 esset,
250 1814 318 1858 uon
350 1814 420 1858 esse
446 1791 640 1858 faciendam:
673 1791 725 1856 sin
755 1812 831 1856 vero
858 1812 925 1856 non
953 1795 1038 1855 esset
1065 1790 1130 1856 sol·

113 1880 250 1965 vendo,]
281 1882 413 1966 aequius
441 1902 511 1947 esse
526 1881 657 1946 ¹minori
685 1879 827 1945 succurri
855 1881 954 1945 etiam
976 1879 1129 1945 adversus

116 1971 339 2056 ignorantem,
362 1971 509 2055 quamvis
533 1969 703 2035 bonafide
727 1972 852 2054 emptor
876 1972 935 2035 est.
1090 1981 1093 1989 ’

204 2083 326 2142 Inclusa
348 2081 441 2143 verba
467 2101 486 2142 a
509 2081 690 2142 Triboniano
718 2081 821 2142 addita
844 2099 909 2142 esse
931 2080 1025 2142 Leuel
1047 2084 1128 2142 reete

113 2171 295 2248 suspicatur.

205 2272 258 2337 42.
285 2272 325 2341 D.
342 2273 374 2357 4,
391 2273 423 2356 4,
444 2271 495 2358 16,
515 2274 542 2337 1.
592 2270 750 2356 Ulpianus
779 2271 864 2337 libro
891 2271 1059 2337 undecimo
1087 2270 1128 2336 ad

110 2360 258 2426 edietum
273 2357 325 2448 (P
338 2357 428 2447 406).
442 2395 485 2408 -
500 2409 509 2425 .
523 2360 706 2428 ..relatum
725 2363 774 2425 est
788 2361 872 2444 apud
886 2359 1079 2444 Labeonem,
1099 2360 1127 2424 si

112 2451 225 2514 minor
243 2451 504 2533 circumscriptus
523 2450 710 2516 societatem
727 2449 840 2514 coierit
854 2449 904 2514 vel
918 2449 1015 2513 etiam
1031 2449 1126 2513 dona-

111 2539 217 2603 tionis
240 2560 347 2621 eausa,
369 2539 491 2604 nullam
512 2560 583 2603 esse
602 2536 789 2603 societatem
807 2557 867 2601 neo
884 2537 969 2601 inter
987 2538 1126 2602 maiores

113 2626 249 2711 quidem
272 2631 306 2691 et
327 2627 399 2693 ideo
423 2648 548 2693 cessare
570 2629 680 2710 partes
703 2625 869 2708 praetoris.

203 2716 256 2781 43.
278 2715 315 2781 D.
327 2717 359 2799 4,
373 2717 403 2798 4,
417 2716 461 2782 45
474 2738 522 2799 pr.
562 2713 768 2780 Callistratus
791 2712 874 2777 libro
898 2711 1004 2796 primo
1026 2711 1124 2776 edisti

1 2875 2 2879 ,
108 2804 283 2870 monitorii
301 2801 350 2891 (P.
365 2801 431 2891 59).
449 2842 493 2853 -
512 2804 620 2869 Etiam
639 2803 678 2888 ei,
701 2802 757 2887 qui
774 2802 960 2887 priusquam
977 2820 1124 2866 nascere-

103 2897 169 2958 tur
196 2897 388 2980 usueaptum
416 2893 538 2976 amisit,
567 2891 798 2958 restituendam
826 2891 987 2956 actionem
1016 2887 1125 2954 Labeo

101 2981 238 3048 scribit.

188 3102 236 3162 Fra
257 3105 360 3177 qulbus
382 3106 478 3165 anuas
500 3105 624 3164 matures
646 3104 748 3176 ululata·
769 3104 893 3176 quamue
916 3101 1003 3160 alosis
1024 3102 1057 3159 tu

436 3196 579 3268 iutepsum
599 3193 797 3251 restituuntur.

206 3301 256 3367 44.
279 3302 318 3368 D.
337 3305 368 3382 4,
388 3304 419 3384 6,
437 3303 467 3367 9.
517 3299 730 3367 Callistratus·
751 3298 834 3364 libro
863 3297 1001 3363 secundo
1030 3297 1125 3364 edicti

97 3388 279 3459 monitorii
298 3392 347 3478 (P.
361 3387 428 3477 68).
447 3429 489 3438 -
508 3387 727 3477 (Suoeurritur
750 3389 847 3452 etiam
868 3387 907 3472 ei,
931 3387 986 3472 qui
1004 3387 1038 3452 in
1056 3389 1122 3453 vin-

193 3539 300 3598 lllrs'b.
326 3538 406 3607 Quod
431 3537 456 3593 si
479 3538 621 3594 deferente
644 3551 689 3590 me
711 3533 845 3590 iuraveris
868 3536 896 3589 et
914 3533 1059 3591 absolutus
1078 3535 1124 3590 sis.
