2580 3888
434 191 460 240 2.
483 182 667 240 Masurius
685 183 838 238 suerrus
1080 181 1145 260 363

220 352 256 412 cf.
271 351 311 411 D.
327 354 379 430 43,
395 354 458 430 6,2
481 351 750 428 Hermogenianus.
775 381 813 394 -
839 351 875 410 In
898 335 991 411 muris
1013 352 1146 426 itemque

128 441 225 518 portis
253 446 284 500 et
314 441 381 500 aliis
409 441 521 500 sanctis
551 441 624 500 locis
648 441 761 516 aliquid
784 441 893 518 facere,
921 460 957 499 ex
980 459 1039 517 quo
1063 440 1145 500 dam·

128 551 200 590 num
225 533 278 590 aut
303 530 524 589 incommodum
545 531 712 606 irrogetur,
735 548 795 588 non
816 529 1011 606 permittitur.

217 641 270 705 40.
297 640 400 720 D.43,
417 641 446 718 l,
460 641 490 704 4.
523 639 640 703 Paulus
660 639 745 703 libro
765 639 987 723 sexagensimo
1006 639 1143 722 septimo

128 730 171 794 ad
195 729 335 794 edictum
356 726 404 815 (P.
421 725 508 814 766).
528 765 570 775 -
589 727 640 792 Ex
659 729 774 812 quibus
796 727 901 791 causis
921 749 1028 792 annua
1045 728 1144 794 inter·

128 817 218 882 dicta
239 822 323 901 sunt,
348 839 386 882 ex
405 818 456 882 his
475 818 513 881 de
532 839 580 901 ao,
603 817 688 900 qnod
709 816 749 879 ad
769 838 842 880 eum
862 836 934 880 oum
953 837 1016 899 quo
1035 817 1145 900 agitur

131 907 294 992 pervenit,
326 911 402 990 post
430 929 550 971 annum
577 905 732 971 iudicium
761 904 901 969 dandum
931 901 1068 968 Sabinus
1095 926 1144 969 ro·

129 995 270 1079 spondit.

449 1144 489 1203 II.
513 1141 704 1202 Fastorum
726 1141 824 1202 libri.

219 1266 398 1326 Laudantur
429 1286 448 1325 a
479 1267 630 1326 Macrobio
663 1259 704 1346 (v.
728 1258 830 1345 infra).
881 1267 951 1324 ante
978 1264 1144 1323 Masurium

129 1356 167 1415 de
195 1356 283 1415 fastis
311 1356 430 1416 videtur
460 1356 611 1430 scripsisse
634 1355 674 1413 M.
697 1355 801 1413 Iunius
827 1353 1019 1413 Gracchanus
1042 1345 1143 1433 (137)

131 1449 164 1504 ct
187 1443 307 1519 scripsit
330 1444 393 1502 sine
416 1443 508 1503 dubio
531 1444 563 1502 L.
588 1443 708 1502 Cincius
732 1438 862 1522 (1252).

551 1602 660 1661 Liber
683 1601 723 1661 ΙΙ.

224 1715 251 1778 1.
283 1711 427 1778 Macrob.
446 1716 504 1777 sat.
523 1714 550 1798 1,
563 1713 594 1794 4,
609 1711 638 1777 6.
663 1747 704 1758 -
728 1710 890 1775 Masurius
914 1711 1073 1776 fastorum
1098 1731 1145 1776 se·

129 1801 234 1868 cundo
259 1801 454 1867 Viaullorum
477 1802 555 1885 dies,
582 1801 702 1884 inquit,
725 1799 794 1864 Ioci
816 1820 901 1865 socer
923 1804 979 1883 eal,
1006 1821 1081 1881 coa,
1107 1804 1144 1866 ut

125 1891 256 1976 quidum
273 1896 403 1975 pallam,
431 1891 549 1957 Veneri.

219 1992 317 2053 Varro
341 1993 360 2053 l.
384 1993 457 2073 Lo,
480 1995 530 2053 16.
579 1993 702 2052 Vinalia
729 2012 747 2051 a
773 1993 857 2069 vino;
885 1992 934 2051 hio
962 1992 1024 2052 dies
1051 1991 1141 2064 iovis,

130 2102 190 2142 non
208 2081 342 2142 Veneris.
384 2082 421 2144 cf.
437 2085 465 2162 6,
481 2086 523 2144 20
541 2081 662 2141 Vinalia
685 2081 809 2141 Rustica
832 2081 974 2141 dicuntur
996 2101 1022 2140 a.
1041 2081 1069 2140 d.
1084 2079 1143 2140 XII

129 2171 189 2230 kal.
209 2170 300 2250 Sept,
324 2172 403 2248 qnod
421 2176 486 2231 tum
507 2171 615 2230 Veneri
635 2171 771 2232 dedicata
789 2172 877 2231 aedes
897 2173 927 2230 et
946 2171 1005 2230 orti
1024 2170 1052 2229 ei
1070 2169 1143 2230 deae

128 2261 278 2320 dicantur.

217 2354 247 2418 2.
276 2352 418 2418 Macrob.
441 2353 518 2417 ibid.
542 2356 561 2434 ξ
586 2354 635 2419 15.
664 2391 708 2402 -
740 2352 902 2418 Masurius
931 2401 965 2420 ..
999 2350 1138 2417 secundo

130 2441 288 2506 fastorum
306 2441 497 2506 Liberaliter
515 2443 588 2526 dies,
606 2442 721 2526 inquit,
738 2463 759 2505 a
772 2441 971 2525 pontificatus
993 2441 1140 2524 sponium

130 2530 284 2596 Martiale
306 2531 488 2612 appellatur.

219 2620 248 2684 3.
268 2618 409 2685 Macrob.
428 2618 504 2683 ibid.
524 2624 616 2681 -et
639 2623 671 2682 in
695 2622 799 2681 eodem
817 2623 894 2682 libro
918 2639 990 2682 eam
1013 2620 1142 2681 noctem

128 2709 344 2792 deincepsque
363 2707 585 2792 insequentem
608 2706 704 2792 diam,
727 2708 781 2789 qui
805 2709 856 2770 cst
881 2705 1053 2770 Lucarium
1076 2726 1143 2768 non

130 2797 215 2862 dixit
237 2797 456 2862 Lutatiorum.

453 2978 504 3037 Ex
525 2980 678 3040 incertis
702 2979 818 3039 libris.

219 3091 251 3157 4.
282 3089 424 3156 Macrob.
439 3092 499 3154 sat.
516 3092 544 3167 1,
560 3089 611 3174 10,
626 3090 654 3155 5.
681 3125 723 3136 -
750 3088 910 3154 Masurius
940 3090 973 3150 et
1001 3084 1056 3150 alii
1078 3105 1143 3150 uno

129 3181 197 3264 dic,
228 3180 261 3244 id
290 3185 340 3245 est
369 3182 486 3264 quarto
515 3178 640 3243 decimo
663 3177 818 3242 kalendas
845 3175 1013 3242 Ianuarias
1041 3172 1144 3239 fuisse

133 3269 321 3336 Saturnalia
343 3267 555 3333 crediderunt.

219 3357 250 3422 5.
286 3356 429 3422 Macrob.
454 3355 530 3420 ibid.
549 3358 569 3435 ἕ
591 3355 620 3419 8.
647 3391 692 3401 -
719 3353 882 3418 Masurius
915 3351 1013 3420 adicit
1046 3350 1145 3417 simu·

130 3447 256 3511 lacrum
274 3445 371 3510 huius
390 3444 467 3510 deae
485 3440 544 3529 (sc.
564 3441 784 3530 Angeroniac)
808 3465 863 3508 ore
883 3443 1028 3529 obligato
1048 3445 1145 3526 atque

131 3536 261 3620 signato
290 3534 324 3598 in
353 3556 409 3598 ara
437 3531 597 3616 Volupiae
619 3537 790 3617 propterea
818 3532 1027 3619 collocatum,
1059 3530 1144 3616 quod
