2508 3896
414 177 438 227 2.
463 169 645 226 MASURIUS
670 169 821 226 SABINUS
1051 168 1115 233 579

116 328 295 398 hereditate
327 328 622 417 6661616161’)611
651 353 723 398 eum
750 332 927 418 pertinent,
959 334 1014 418 qui
1042 338 1116 398 aute

116 421 192 506 quid
217 421 352 504 amovit,
381 421 493 487 deinde
517 443 550 486 66
573 422 721 488 abstinet.
768 425 908 488 ceterum
934 422 1116 487 61661666

115 510 282 594 abstinuit,
305 510 417 576 deinde
441 516 518 576 tuno
542 509 673 594 amovit,
694 509 748 576 hie
766 510 930 576 videamus
950 533 990 576 an
1010 510 1116 576 edicto

115 599 205 664 locus
234 600 285 665 sit.
331 599 498 685 magisque
525 602 588 682 est,
616 603 653 663 61
680 603 790 685 putem
817 599 891 664 istie
914 597 1025 663 Sabim
1048 620 1118 664 seu·

115 688 251 752 tentiam
280 686 525 771 admittendam,
553 687 675 752 scilicet
701 693 739 752 nt
760 687 839 752 furti
861 687 969 772 potius
992 689 1117 752 actione

114 775 326 862 oreditoribus
351 781 504 841 teneatur.

202 863 254 929 46.
287 864 325 930 D.
343 866 396 947 42,
416 866 444 947 8,
464 865 493 930 9.
547 864 667 928 Ρ66166
699 864 781 929 libro
814 865 1037 951 sexagensimo
1070 885 1116 929 66-

115 953 217 1018 666116
250 952 289 1017 ad
322 952 458 1018 edietum
492 950 539 1039 (P.
561 949 649 1040 742).
677 989 719 1000 -
747 953 793 1037 Is,
825 954 878 1037 qui
913 976 931 1017 a
963 950 1117 1038 debitore,

114 1041 205 1106 anius
225 1042 310 1106 boue
328 1063 478 1126 possessa
497 1048 580 1123 sunt,
604 1043 706 1107 661666
724 1064 791 1106 rem
812 1041 898 1122 emit,
921 1042 1039 1106 iterum
1059 1040 1116 1105 alii

113 1131 199 1196 bona
225 1129 289 1194 fido
312 1132 429 1196 ementi
457 1130 613 1195 vendidit:
645 1131 821 1214 quaesitum
850 1136 912 1217 est,
941 1153 982 1195 an
1005 1151 1116 1194 seeun-

113 1218 174 1282 dus
198 1225 323 1303 emptor
346 1219 509 1284 conveniri
532 1223 649 1303 potest.
757 1223 807 1284 est
825 1217 937 1285 Sabini
957 1219 1117 1284 sententia

113 1307 281 1372 bonafide
300 1312 477 1392 emptorem
496 1329 561 1372 non
579 1308 690 1388 teneri,
708 1309 783 1392 quia
800 1307 891 1372 dolus
907 1307 936 1372 ei
950 1308 1116 1373 dumtaxat

113 1417 230 1461 nocere
254 1396 381 1481 debeat,
405 1397 459 1481 qui
483 1418 553 1460 eum
577 1397 713 1461 admisit.

420 1543 464 1598 De
482 1544 540 1598 1666
554 1544 667 1612 publico
684 1544 809 1610 fruendo.

201 1636 256 1700 41.
284 1634 324 1700 D.
338 1635 391 1721 43,
409 1636 456 1718 14,
473 1637 501 1718 1,
516 1636 545 1702 1.
594 1633 752 1718 Ulpianus
780 1634 864 1699 libro
893 1634 1115 1720 sexagensimo

112 1727 227 1789 octavo
242 1724 282 1788 ad
297 1719 674 1812 edietum(P.1520).·-
689 1722 865 1789 Publiouuo
880 1773 887 1789 .
901 1773 922 1808 .,
942 1725 996 1807 qui
1010 1724 1116 1788 lanum

111 1812 165 1877 vel
180 1815 328 1898 stagnum
344 1813 503 1896 conduxit,
523 1813 550 1877 61
564 1813 679 1896 piscari
693 1813 909 1896 prohibeatur,
924 1812 1002 1878 utile
1017 1815 1115 1876 inter·

111 1900 231 1966 dietum
255 1906 434 1986 competere
458 1899 598 1966 Sabinus
622 1902 790 1968 consentit.
828 1905 860 1966 et
882 1902 929 1966 ita
952 1900 1070 1967 Labeo.

466 2107 468 2111 ,
551 2048 626 2104 Unde
644 2051 679 2105 ni.

200 2095 265 2205 48?
292 2140 331 2205 D.
345 2142 398 2219 43,
414 2142 463 2223 16,
479 2143 507 2225 1,
521 2143 573 2207 21.
610 2141 770 2225 Ulpianus
789 2141 872 2207 libro
892 2142 1113 2227 sexagensimo

109 2250 197 2294 nono
222 2230 261 2293 ad
284 2230 423 2294 edictum
442 2229 491 2316 (P.
508 2227 617 2317 1526).
636 2265 677 2277 —
698 2230 774 2296 Vim
793 2232 825 2296 vi
844 2232 999 2315 repellere
1018 2232 1114 2297 116616

111 2316 244 2384 Cassius
268 2319 387 2384 scribit.

201 2430 289 2504 Apud
315 2429 498 2490 Dorotheum
527 2430 677 2490 66116141
706 2430 775 2489 Bas.
791 2433 841 2507 60,
858 2435 897 2492 17
927 2429 1023 2490 Cassii
1049 2429 1113 2490 loeo

111 2513 128 2577 ὁ
152 2518 284 2596 Σαβῖνος
305 2517 453 2578 landatur.
491 2518 668 2577 61.Ρ6111166
691 2510 737 2576 11²
761 2521 809 2579 76.

202 2619 253 2684 49.
286 2619 501 2702 Ι).43,16,1,
518 2617 566 2683 13.
608 2618 766 2702 Ulpianus
788 2619 872 2682 libro
892 2619 1112 2702 sexagensimo

107 2728 196 2772 nono
226 2707 265 2772 ad
294 2708 433 2773 edietum
461 2704 510 2794 (P.
530 2704 640 2794 1524).
670 2743 711 2752 —-
738 2706 893 2782 Quotiens
920 2728 1013 2770 verus
1040 2728 1115 2790 pro-

108 2800 241 2861 curator
274 2796 436 2878 deiecerit,
469 2818 540 2861 eum
573 2795 727 2861 utrolibet
754 2817 877 2877 eorum,
909 2795 940 2858 id
969 2798 1019 2859 est
1047 2796 1114 2859 sive

109 2884 242 2950 domino
277 2886 342 2950 6116
375 2890 594 2969 procuratore,
627 2886 679 2969 agi
712 2905 806 2968 posse
835 2882 972 2949 Sabinus
1006 2883 1053 2948 ait
1083 2888 1116 2947 et

107 2973 245 3038 alterius
272 2973 402 3039 nomine
430 2973 523 3038 alteri
547 2973 655 3055 eximi,
684 2973 730 3038 sio
753 2978 873 3057 tamen,
897 2974 925 3036 si
949 2973 989 3036 ab
1013 2972 1113 3036 altero

107 3083 220 3127 eorum
250 3063 316 3127 litis
345 3063 527 3127 aestimatio
551 3062 647 3126 fuerit
669 3063 837 3146 praestita3
866 3061 1041 3127 nonenim
1065 3083 1114 3125 ex-

106 3155 241 3216 6666166
260 3155 318 3232 661,
336 3151 390 3235 qui
408 3151 496 3215 iussu
515 3150 648 3215 61166166
668 3151 790 3234 deiecit,
810 3173 874 3215 non
894 3151 997 3236 magis
1017 3172 1113 3234 quam

107 3239 136 3304 si
165 3239 254 3304 iussu
283 3239 416 3304 alicuine
444 3239 573 3322 occidit3
602 3261 673 3303 enm
701 3243 808 3303 autem
835 3239 935 3303 falsus
964 3242 1014 3303 est
1042 3261 1114 3324 pro·

108 3331 250 3410 6616161,
269 3349 341 3393 oum
360 3329 431 3411 ipso
451 3330 579 3392 tautum
598 3333 805 3410 procuratore
824 3327 973 3393 interdioi
991 3327 1114 3392 debere.

198 3437 410 3498 'tribonianum
438 3439 581 3498 nonnulla
612 3439 771 3519 delevisse,
803 3439 864 3499 alia
891 3433 959 3520 (bia
986 3432 1113 3520 tomen')

104 3528 258 3588 addidisse
283 3527 408 3588 Pernioe
431 3547 485 3588 suo
504 3529 573 3605 jure
597 3529 727 3606 suspirat
764 3575 770 3589 .

848 3628 902 3684 81*
