2568 3890
166 142 232 208 248
269 143 291 199 1.
315 143 472 198 nnrnrls
490 142 651 199 AUGUSTI
668 142 716 198 ΕΤ
733 140 868 196 TIBERII
886 141 983 197 IURIS
1002 140 1186 198 CONSULTI

169 307 283 372 scribit
310 306 448 390 emptori
475 306 584 390 potius
614 327 729 371 nocere
754 327 850 390 quam
874 304 1033 371 venditori
1054 327 1178 372 moram
1269 338 1272 392 g

168 395 356 460 adhibitam.
1271 395 1272 462 ζ

259 484 332 549 131.
352 482 594 568 n.21,2,51,4.
626 483 715 548 reem
731 482 788 567 (sc.
802 480 975 568 Ulpianus)
990 483 1074 548 noro
1094 488 1179 550 oceo·
1270 471 1272 478 ’

169 574 316 658 gensimo
341 574 380 638 ad
405 572 545 636 edictum
569 569 619 659 (P.
640 568 752 659 1143).
774 609 816 618 -
842 570 875 637 Si
902 571 1011 656 plures
1038 572 1118 636 mihi
1147 575 1178 638 in
1271 637 1272 640 ,

170 661 308 727 solidum
329 683 388 744 pro
404 661 561 726 evictione
576 665 756 745 teneantur,
773 661 886 731 deinde
900 665 975 745 post
989 661 1178 726 evictionem

169 773 241 816 cum
263 771 328 815 uno
353 751 443 814 fuero
467 754 631 834 expertus,
655 751 682 815 si
706 769 801 833 agam
826 772 898 815 curn
922 750 1045 831 ceteris,
1068 771 1180 834 excep·

168 841 258 906 tione
281 861 332 903 me
356 860 426 903 esse
449 839 667 923 repellendum
690 839 800 903 Labeo
824 839 878 902 ait

263 929 334 993 132.
358 926 398 992 D.
414 927 465 1005 19,
478 929 505 1011 1,
518 929 566 1009 11,
578 929 608 994 3.
643 927 733 991 Idem
752 924 809 1014 (sc.
829 924 1003 1012 Ulpianus)
1023 926 1106 993 libro
1123 928 1180 992 tri·

169 1017 315 1103 gensimo
331 1016 470 1081 secundo
485 1017 525 1080 ad
541 1016 680 1082 edictum
696 1013 745 1103 (P.
756 1012 844 1103 931).
859 1052 901 1061 -
916 1015 1179 1081 Redhibitioncm

170 1156 222 1172 ...
242 1105 399 1171 contineri
418 1106 518 1189 empti
537 1104 656 1170 iudicio
676 1110 708 1169 et
722 1103 830 1169 Labeo
850 1110 882 1169 et
897 1102 1035 1171 Sabinus
1053 1108 1179 1188 putant

260 1195 332 1260 133.
366 1192 404 1258 D.
420 1193 473 1276 18,
489 1197 517 1276 1,
530 1194 583 1258 21.
630 1194 750 1258 Paulus
778 1193 861 1258 libro
886 1193 999 1278 quintu
1023 1193 1064 1258 ad
1087 1192 1178 1258 Sabi·

65 1309 68 1318 ’
169 1306 246 1348 num
269 1280 319 1370 (P.
336 1278 445 1369 1708).
473 1318 510 1328 -
536 1281 644 1347 Labeo
674 1283 806 1367 scripsit
833 1282 1063 1347 obscuritatem
1090 1283 1179 1366 pacti

168 1394 283 1437 nocere
315 1372 423 1455 potius
456 1372 572 1436 debere
605 1371 765 1436 venditori
793 1372 847 1456 qui
875 1371 907 1435 id
936 1371 1053 1435 dixerit
1079 1393 1178 1456 quam
1263 1394 1275 1446 ᾗ

170 1461 322 1545 emptori,
345 1461 422 1544 quia
443 1459 551 1544 potuit
573 1481 607 1524 re
630 1460 760 1546 integra
785 1460 928 1544 apertius
953 1460 1066 1525 dicere.

504 1635 548 1692 De
565 1635 712 1690 hereditate
728 1635 846 1690 vendita.

258 1738 331 1802 134.
363 1735 405 1803 D.
420 1737 470 1817 10,
484 1738 514 1816 2,
528 1738 558 1820 4,
573 1736 603 1800 3.
648 1733 807 1819 Ulpianus
838 1735 921 1799 libro
946 1735 1180 1802 nonodecimo

169 1826 209 1890 ad
225 1825 364 1891 edictum
380 1824 428 1909 (P.
443 1822 548 1911 632b).
562 1861 607 1872 —
620 1874 628 1889 .
643 1874 650 1890 .
666 1874 673 1888 .
687 1823 795 1888 Labeo
816 1823 929 1888 scribit
942 1824 1073 1888 vendita
1090 1823 1181 1888 here-

168 1914 268 1979 ditate
296 1915 424 1979 tabulas
452 1913 642 1978 testamenti
673 1912 849 1998 descriptas
877 1912 993 1997 deponi
1016 1916 1181 1999 oportere3

168 2003 317 2067 heredem
350 2003 435 2066 enim
468 2003 648 2085 exemplum
682 2002 796 2066 debere
824 2001 912 2086 dare,
943 2002 1072 2066 tabulas
1100 2023 1179 2067 vero

170 2091 371 2155 authenticas
394 2091 499 2174 ipsum
523 2091 662 2155 retinere
686 2091 797 2154 autin
820 2091 899 2172 aede
922 2089 1090 2175 deponere.

530 2263 575 2318 Dc
591 2264 681 2331 suade
699 2264 814 2319 vendito.

261 2364 333 2428 135.
370 2363 409 2428 D.
426 2364 477 2445 19,
498 2366 526 2449 1,
543 2364 596 2428 42.
646 2363 764 2428 Paulus
795 2364 879 2428 libro
911 2365 1048 2431 secundo
1079 2363 1181 2440 Quae-
1268 2387 1276 2394 ·

173 2451 316 2517 stionum
343 2449 392 2539 (P.
409 2452 518 2540 1289).
544 2490 582 2501 -
609 2451 642 2517 si
671 2452 806 2518 duorum
833 2452 1006 2518 fundorum
1031 2453 1181 2521 venditor

174 2543 348 2625 separatim
385 2542 424 2606 de
461 2542 556 2608 modo
594 2543 746 2626 cuiusque
777 2543 1036 2625 pronuntiaverit
1069 2547 1101 2607 ct
1132 2544 1181 2608 ita

171 2635 345 2715 utrumque
372 2654 436 2697 uno
466 2631 570 2716 pretio
595 2633 750 2714 mancipio
773 2628 918 2715 dederit¹,
946 2634 978 2695 et
1001 2632 1096 2696 alteri
1120 2632 1180 2697 ali·

173 2720 250 2804 quid
273 2720 366 2805 desit,
390 2720 536 2805 quamvis
558 2720 591 2784 in
616 2721 718 2785 altero
743 2723 921 2804 exsuperet,
944 2719 1027 2784 forte
1051 2721 1080 2784 si
1098 2719 1180 2786 dixit

171 2830 269 2874 unum
298 2813 426 2873 centum
455 2810 581 2894 iugera,
613 2809 749 2873 alterum
778 2808 916 2873 ducenta
946 2808 1080 2894 habere,
1111 2831 1179 2874 non

171 2898 315 2982 proderit
338 2898 367 2960 ei
386 2899 470 2982 quod
494 2899 526 2962 in
551 2897 654 2962 altero
676 2898 812 2962 ducenta
836 2897 944 2961 decem
963 2898 1179 2983 inveniuntur,

172 2988 200 3051 si
223 2987 257 3051 in
286 2986 388 3051 altero
413 2986 521 3051 decern
550 2985 664 3050 desint.
707 2991 740 3050 st
762 2985 800 3050 de
823 2985 875 3050 his
899 2986 947 3050 ita
970 2987 1055 3070 apud
1077 2985 1179 3052 Labe·

173 3097 268 3140 onem
291 3075 429 3138 relatum
453 3078 511 3138 est.

128 3225 129 3230 ,
263 3163 334 3229 136.
371 3161 410 3228 D.
432 3165 486 3246 18,
507 3163 541 3248 1,
564 3164 607 3229 34
622 3185 668 3244 pr.
719 3161 839 3228 Paulus
872 3163 955 3228 libro
988 3163 1179 3250 trigensimo

172 3252 270 3317 tertio
299 3252 337 3316 ad
368 3251 508 3317 edictum
532 3249 581 3406 ἓΡ.
596 3249 686 3340 504).
707 3289 752 3300 -
776 3250 810 3316 Si
839 3253 873 3316 in
901 3252 1065 3338 emptione
1087 3252 1180 3317 fundi

172 3340 292 3404 dictum
311 3341 355 3405 sit
373 3342 522 3407 accedere
562 3342 682 3406 tichum
701 3363 828 3407 servum
847 3362 949 3426 neque
963 3342 1180 3427 intellegatur,

246 3520 257 3565 1
279 3513 326 3569 Fr.
344 3514 501 3572 tradiderit.
