<?xml version="1.0" encoding="UTF-8"?>
<!DOCTYPE html PUBLIC "-//W3C//DTD XHTML 1.0 Transitional//EN"
    "http://www.w3.org/TR/xhtml1/DTD/xhtml1-transitional.dtd">
<html xmlns="http://www.w3.org/1999/xhtml" xml:lang="en" lang="en">
 <head>
  <title>
</title>
<meta http-equiv="Content-Type" content="text/html;charset=utf-8" />
  <meta name='ocr-system' content='tesseract 3.04.00' />
  <meta name='ocr-capabilities' content='ocr_page ocr_carea ocr_par ocr_line ocrx_word'/>
</head>
<body>
  <div class='ocr_page' id='page_1' title='image "./iurisprudentiae04bremgoog_0154.png"; bbox 0 0 2506 3880; ppageno 0'>
   <div class='ocr_carea' id='block_1_1' title="bbox 137 131 1252 2164">
    <p class='ocr_par' dir='ltr' id='par_1_1' title="bbox 137 131 1252 2164">
     <span class='ocr_line' id='line_1_1' title="bbox 143 131 1149 198; baseline -0.002 -11"><span class='ocrx_word' id='word_1_1' title='bbox 143 135 205 198; x_wconf 88' lang='grc'>148</span> <span class='ocrx_word' id='word_1_2' title='bbox 242 136 263 190; x_wconf 89' lang='grc'>1.</span> <span class='ocrx_word' id='word_1_3' title='bbox 285 131 443 187; x_wconf 83' lang='lat' dir='ltr'>AETATIS</span> <span class='ocrx_word' id='word_1_4' title='bbox 461 131 620 187; x_wconf 82' lang='lat' dir='ltr'>AUGUSTI</span> <span class='ocrx_word' id='word_1_5' title='bbox 637 131 684 186; x_wconf 82' lang='grc' dir='ltr'>ΕΤ</span> <span class='ocrx_word' id='word_1_6' title='bbox 702 131 838 187; x_wconf 82' lang='lat' dir='ltr'>TIBERII</span> <span class='ocrx_word' id='word_1_7' title='bbox 854 131 950 187; x_wconf 83' lang='lat' dir='ltr'>IUltlS</span> <span class='ocrx_word' id='word_1_8' title='bbox 970 131 1149 187; x_wconf 81' lang='lat' dir='ltr'>CONSULTI</span> 
     </span>
     <span class='ocr_line' id='line_1_2' title="bbox 1222 209 1245 288; baseline 0.261 -6"><span class='ocrx_word' id='word_1_9' title='bbox 1222 209 1245 288; x_wconf 83' lang='grc'>11</span> 
     </span>
     <span class='ocr_line' id='line_1_3' title="bbox 137 289 1244 380; baseline 0.001 -20"><span class='ocrx_word' id='word_1_10' title='bbox 137 303 215 362; x_wconf 86' lang='lat' dir='ltr'>libro</span> <span class='ocrx_word' id='word_1_11' title='bbox 238 299 309 358; x_wconf 86' lang='lat' dir='ltr'>XVI</span> <span class='ocrx_word' id='word_1_12' title='bbox 338 291 445 380; x_wconf 58' lang='lat' dir='ltr'>(apud</span> <span class='ocrx_word' id='word_1_13' title='bbox 472 299 641 359; x_wconf 81' lang='lat' dir='ltr'>Labeonem</span> <span class='ocrx_word' id='word_1_14' title='bbox 668 299 818 360; x_wconf 89' lang='lat' dir='ltr'>Pithanon</span> <span class='ocrx_word' id='word_1_15' title='bbox 846 300 891 359; x_wconf 91' lang='lat' dir='ltr'>ita</span> <span class='ocrx_word' id='word_1_16' title='bbox 917 300 1061 375; x_wconf 88' lang='lat' dir='ltr'>seriptum</span> <span class='ocrx_word' id='word_1_17' title='bbox 1089 295 1148 361; x_wconf 89' lang='lat' dir='ltr'>est&#39;</span> <span class='ocrx_word' id='word_1_18' title='bbox 1243 289 1244 294; x_wconf 8' lang='grc' dir='ltr'>ἵ</span> 
     </span>
     <span class='ocr_line' id='line_1_4' title="bbox 137 380 1244 476; baseline -0.001 -29"><span class='ocrx_word' id='word_1_19' title='bbox 137 390 174 448; x_wconf 89' lang='lat' dir='ltr'>D.</span> <span class='ocrx_word' id='word_1_20' title='bbox 188 391 239 466; x_wconf 82' lang='lat'>50,</span> <span class='ocrx_word' id='word_1_21' title='bbox 257 391 306 465; x_wconf 85' lang='lat'>16,</span> <span class='ocrx_word' id='word_1_22' title='bbox 323 390 385 448; x_wconf 85' lang='grc'>246</span> <span class='ocrx_word' id='word_1_23' title='bbox 406 381 638 468; x_wconf 82' lang='grc' dir='ltr'>Ρ.205),111)1·ο</span> <span class='ocrx_word' id='word_1_24' title='bbox 657 387 744 448; x_wconf 89' lang='lat' dir='ltr'>XVII</span> <span class='ocrx_word' id='word_1_25' title='bbox 762 381 889 469; x_wconf 61' lang='lat' dir='ltr'>(Labeo</span> <span class='ocrx_word' id='word_1_26' title='bbox 909 380 1025 448; x_wconf 90' lang='lat' dir='ltr'>scribit&#39;</span> <span class='ocrx_word' id='word_1_27' title='bbox 1043 388 1079 448; x_wconf 91' lang='lat' dir='ltr'>D.</span> <span class='ocrx_word' id='word_1_28' title='bbox 1096 391 1148 468; x_wconf 91' lang='grc'>21,</span> <span class='ocrx_word' id='word_1_29' title='bbox 1199 387 1244 476; x_wconf 51' lang='lat' dir='ltr'>‘itt</span> 
     </span>
     <span class='ocr_line' id='line_1_5' title="bbox 140 469 1246 558; baseline 0 -21"><span class='ocrx_word' id='word_1_30' title='bbox 140 482 168 553; x_wconf 95' lang='lat'>1,</span> <span class='ocrx_word' id='word_1_31' title='bbox 184 479 226 537; x_wconf 86' lang='grc'>64</span> <span class='ocrx_word' id='word_1_32' title='bbox 251 476 282 536; x_wconf 94' lang='grc' dir='ltr'>Ρ.</span> <span class='ocrx_word' id='word_1_33' title='bbox 300 469 388 558; x_wconf 85' lang='grc'>206).</span> <span class='ocrx_word' id='word_1_34' title='bbox 433 477 536 554; x_wconf 91' lang='lat' dir='ltr'>itaque</span> <span class='ocrx_word' id='word_1_35' title='bbox 564 477 719 553; x_wconf 87' lang='lat' dir='ltr'>quaeritur</span> <span class='ocrx_word' id='word_1_36' title='bbox 742 497 814 535; x_wconf 89' lang='lat' dir='ltr'>num</span> <span class='ocrx_word' id='word_1_37' title='bbox 836 476 982 536; x_wconf 80' lang='lat' dir='ltr'>Labeonis</span> <span class='ocrx_word' id='word_1_38' title='bbox 1006 495 1057 536; x_wconf 89' lang='lat' dir='ltr'>eae</span> <span class='ocrx_word' id='word_1_39' title='bbox 1082 495 1148 537; x_wconf 90' lang='lat' dir='ltr'>sen·</span> <span class='ocrx_word' id='word_1_40' title='bbox 1204 495 1246 552; x_wconf 65' lang='lat' dir='ltr'>aq</span> 
     </span>
     <span class='ocr_line' id='line_1_6' title="bbox 137 565 1246 644; baseline 0.001 -19"><span class='ocrx_word' id='word_1_41' title='bbox 137 565 261 642; x_wconf 75' lang='lat' dir='ltr'>tentiae,</span> <span class='ocrx_word' id='word_1_42' title='bbox 285 584 413 642; x_wconf 90' lang='lat' dir='ltr'>quarum</span> <span class='ocrx_word' id='word_1_43' title='bbox 430 585 491 624; x_wconf 91' lang='lat' dir='ltr'>non</span> <span class='ocrx_word' id='word_1_44' title='bbox 509 565 586 624; x_wconf 88' lang='lat' dir='ltr'>alius</span> <span class='ocrx_word' id='word_1_45' title='bbox 605 569 705 625; x_wconf 88' lang='lat' dir='ltr'>certus</span> <span class='ocrx_word' id='word_1_46' title='bbox 724 566 790 625; x_wconf 89' lang='lat' dir='ltr'>fons</span> <span class='ocrx_word' id='word_1_47' title='bbox 809 565 1003 644; x_wconf 84' lang='lat' dir='ltr'>significatur,</span> <span class='ocrx_word' id='word_1_48' title='bbox 1026 565 1149 626; x_wconf 86' lang='lat' dir='ltr'>adeius</span> <span class='ocrx_word' id='word_1_49' title='bbox 1210 567 1246 644; x_wconf 58' lang='lat' dir='ltr'>iffi</span> 
     </span>
     <span class='ocr_line' id='line_1_7' title="bbox 137 653 1246 734; baseline 0.002 -21"><span class='ocrx_word' id='word_1_50' title='bbox 137 655 345 730; x_wconf 76' lang='lat' dir='ltr'>Epistularum</span> <span class='ocrx_word' id='word_1_51' title='bbox 377 654 470 718; x_wconf 88' lang='lat' dir='ltr'>libros</span> <span class='ocrx_word' id='word_1_52' title='bbox 504 653 677 713; x_wconf 84' lang='lat' dir='ltr'>referendae</span> <span class='ocrx_word' id='word_1_53' title='bbox 711 655 777 713; x_wconf 87' lang='lat' dir='ltr'>sint</span> <span class='ocrx_word' id='word_1_54' title='bbox 833 655 910 714; x_wconf 89' lang='lat' dir='ltr'>hanc</span> <span class='ocrx_word' id='word_1_55' title='bbox 943 654 1149 731; x_wconf 88' lang='lat' dir='ltr'>quaestionem</span> <span class='ocrx_word' id='word_1_56' title='bbox 1201 673 1246 734; x_wconf 69' lang='grc'>1.·</span> 
     </span>
     <span class='ocr_line' id='line_1_8' title="bbox 139 737 1247 832; baseline -0.005 -30"><span class='ocrx_word' id='word_1_57' title='bbox 139 761 206 802; x_wconf 92' lang='lat' dir='ltr'>cum</span> <span class='ocrx_word' id='word_1_58' title='bbox 230 743 343 802; x_wconf 90' lang='lat' dir='ltr'>solvere</span> <span class='ocrx_word' id='word_1_59' title='bbox 367 762 426 802; x_wconf 93' lang='lat' dir='ltr'>non</span> <span class='ocrx_word' id='word_1_60' title='bbox 448 741 551 820; x_wconf 88' lang='lat' dir='ltr'>liceat,</span> <span class='ocrx_word' id='word_1_61' title='bbox 573 761 668 802; x_wconf 91' lang='lat' dir='ltr'>unum</span> <span class='ocrx_word' id='word_1_62' title='bbox 691 742 729 800; x_wconf 92' lang='lat' dir='ltr'>ad</span> <span class='ocrx_word' id='word_1_63' title='bbox 752 744 806 802; x_wconf 90' lang='lat' dir='ltr'>hos</span> <span class='ocrx_word' id='word_1_64' title='bbox 829 743 923 803; x_wconf 88' lang='lat' dir='ltr'>libros</span> <span class='ocrx_word' id='word_1_65' title='bbox 945 737 1148 821; x_wconf 69' lang='lat' dir='ltr'>fragmentum</span> <span class='ocrx_word' id='word_1_66' title='bbox 1201 747 1247 832; x_wconf 60' lang='lat'>²⁹14</span> 
     </span>
     <span class='ocr_line' id='line_1_9' title="bbox 138 829 1247 908; baseline 0 -19"><span class='ocrx_word' id='word_1_67' title='bbox 138 831 219 890; x_wconf 86' lang='lat' dir='ltr'>haud</span> <span class='ocrx_word' id='word_1_68' title='bbox 243 830 332 890; x_wconf 92' lang='lat' dir='ltr'>dubie</span> <span class='ocrx_word' id='word_1_69' title='bbox 355 829 495 908; x_wconf 84' lang='lat' dir='ltr'>pertinet.</span> <span class='ocrx_word' id='word_1_70' title='bbox 1202 855 1247 908; x_wconf 52' lang='lat' dir='ltr'>Q&lt;</span> 
     </span>
     <span class='ocr_line' id='line_1_10' title="bbox 226 919 1248 1022; baseline 0.001 -43"><span class='ocrx_word' id='word_1_71' title='bbox 226 919 340 979; x_wconf 82' lang='lat' dir='ltr'>Dorum</span> <span class='ocrx_word' id='word_1_72' title='bbox 354 919 406 997; x_wconf 89' lang='lat' dir='ltr'>qui</span> <span class='ocrx_word' id='word_1_73' title='bbox 415 919 585 980; x_wconf 85' lang='lat' dir='ltr'>Labeonem</span> <span class='ocrx_word' id='word_1_74' title='bbox 597 920 812 980; x_wconf 89' lang='lat' dir='ltr'>consuluerunt</span> <span class='ocrx_word' id='word_1_75' title='bbox 825 921 1016 997; x_wconf 90' lang='lat' dir='ltr'>partiumque</span> <span class='ocrx_word' id='word_1_76' title='bbox 1027 921 1150 981; x_wconf 90' lang='lat' dir='ltr'>uomina</span> <span class='ocrx_word' id='word_1_77' title='bbox 1204 939 1248 1022; x_wconf 60' lang='grc'>1,</span> 
     </span>
     <span class='ocr_line' id='line_1_11' title="bbox 137 1007 1248 1094; baseline 0.002 -26"><span class='ocrx_word' id='word_1_78' title='bbox 137 1008 291 1085; x_wconf 84' lang='lat' dir='ltr'>proposita</span> <span class='ocrx_word' id='word_1_79' title='bbox 318 1008 412 1068; x_wconf 83' lang='grc'>111111</span> <span class='ocrx_word' id='word_1_80' title='bbox 441 1011 472 1067; x_wconf 90' lang='grc'>11</span> <span class='ocrx_word' id='word_1_81' title='bbox 498 1025 546 1067; x_wconf 83' lang='grc'>111</span> <span class='ocrx_word' id='word_1_82' title='bbox 577 1007 644 1083; x_wconf 90' lang='lat' dir='ltr'>ipsa</span> <span class='ocrx_word' id='word_1_83' title='bbox 676 1007 763 1068; x_wconf 91' lang='lat' dir='ltr'>docet</span> <span class='ocrx_word' id='word_1_84' title='bbox 794 1011 826 1068; x_wconf 88' lang='lat' dir='ltr'>et</span> <span class='ocrx_word' id='word_1_85' title='bbox 857 1009 984 1069; x_wconf 87' lang='lat' dir='ltr'>aliorum</span> <span class='ocrx_word' id='word_1_86' title='bbox 1016 1009 1150 1069; x_wconf 91' lang='lat' dir='ltr'>eiusdem</span> <span class='ocrx_word' id='word_1_87' title='bbox 1206 1025 1248 1094; x_wconf 72' lang='grc'>11,</span> 
     </span>
     <span class='ocr_line' id='line_1_12' title="bbox 138 1096 1248 1198; baseline 0 -40"><span class='ocrx_word' id='word_1_88' title='bbox 138 1097 309 1176; x_wconf 81' lang='lat' dir='ltr'>argumenti</span> <span class='ocrx_word' id='word_1_89' title='bbox 336 1097 406 1157; x_wconf 85' lang='lat' dir='ltr'>libri</span> <span class='ocrx_word' id='word_1_90' title='bbox 429 1096 612 1156; x_wconf 86' lang='lat' dir='ltr'>confirmant.</span> <span class='ocrx_word' id='word_1_91' title='bbox 658 1097 730 1156; x_wconf 89' lang='lat' dir='ltr'>haec</span> <span class='ocrx_word' id='word_1_92' title='bbox 753 1097 832 1156; x_wconf 88' lang='lat' dir='ltr'>enim</span> <span class='ocrx_word' id='word_1_93' title='bbox 847 1117 900 1162; x_wconf 83' lang='lat' dir='ltr'>ex.</span> <span class='ocrx_word' id='word_1_94' title='bbox 923 1117 966 1174; x_wconf 80' lang='lat' dir='ltr'>gr.</span> <span class='ocrx_word' id='word_1_95' title='bbox 991 1098 1149 1175; x_wconf 77' lang='lat' dir='ltr'>leguntur:</span> <span class='ocrx_word' id='word_1_96' title='bbox 1206 1119 1248 1198; x_wconf 61' lang='grc'>1,</span> 
     </span>
     <span class='ocr_line' id='line_1_13' title="bbox 138 1180 1249 1270; baseline -0.002 -20"><span class='ocrx_word' id='word_1_97' title='bbox 138 1180 305 1250; x_wconf 70' lang='lat' dir='ltr'>‘Licinnius</span> <span class='ocrx_word' id='word_1_98' title='bbox 340 1185 475 1246; x_wconf 87' lang='lat' dir='ltr'>Lucusta</span> <span class='ocrx_word' id='word_1_99' title='bbox 506 1185 635 1246; x_wconf 90' lang='lat' dir='ltr'>Proculo</span> <span class='ocrx_word' id='word_1_100' title='bbox 673 1203 727 1245; x_wconf 88' lang='lat' dir='ltr'>suo</span> <span class='ocrx_word' id='word_1_101' title='bbox 765 1186 893 1246; x_wconf 85' lang='lat' dir='ltr'>salutem</span> <span class='ocrx_word' id='word_1_102' title='bbox 917 1231 924 1245; x_wconf 91' lang='lat'><strong>.</strong></span> <span class='ocrx_word' id='word_1_103' title='bbox 944 1231 950 1244; x_wconf 92' lang='lat'><strong>.</strong></span> <span class='ocrx_word' id='word_1_104' title='bbox 971 1232 977 1244; x_wconf 92' lang='lat'><strong>.</strong></span> <span class='ocrx_word' id='word_1_105' title='bbox 1001 1186 1149 1248; x_wconf 89' lang='lat' dir='ltr'>Proculus</span> <span class='ocrx_word' id='word_1_106' title='bbox 1207 1211 1249 1270; x_wconf 54' lang='lat' dir='ltr'>Q</span> 
     </span>
     <span class='ocr_line' id='line_1_14' title="bbox 137 1266 1249 1362; baseline 0.002 -27"><span class='ocrx_word' id='word_1_107' title='bbox 137 1275 289 1335; x_wconf 75' lang='lat' dir='ltr'>Lucustae</span> <span class='ocrx_word' id='word_1_108' title='bbox 318 1293 372 1334; x_wconf 90' lang='lat' dir='ltr'>suo</span> <span class='ocrx_word' id='word_1_109' title='bbox 401 1266 541 1334; x_wconf 83' lang='lat' dir='ltr'>salutem&#39;</span> <span class='ocrx_word' id='word_1_110' title='bbox 569 1273 605 1335; x_wconf 92' lang='lat' dir='ltr'>D.</span> <span class='ocrx_word' id='word_1_111' title='bbox 621 1275 672 1351; x_wconf 88' lang='lat'>31,</span> <span class='ocrx_word' id='word_1_112' title='bbox 687 1276 738 1334; x_wconf 86' lang='lat'>48.</span> <span class='ocrx_word' id='word_1_113' title='bbox 780 1267 922 1344; x_wconf 81' lang='lat' dir='ltr'>‘Quidam</span> <span class='ocrx_word' id='word_1_114' title='bbox 943 1274 1073 1334; x_wconf 83' lang='lat' dir='ltr'>Hiberus</span> <span class='ocrx_word' id='word_1_115' title='bbox 1096 1294 1148 1337; x_wconf 90' lang='lat' dir='ltr'>uo·</span> <span class='ocrx_word' id='word_1_116' title='bbox 1208 1299 1249 1362; x_wconf 52' lang='grc'>1,</span> 
     </span>
     <span class='ocr_line' id='line_1_15' title="bbox 138 1362 1240 1446; baseline 0.001 -23"><span class='ocrx_word' id='word_1_117' title='bbox 138 1364 228 1440; x_wconf 90' lang='lat' dir='ltr'>mine,</span> <span class='ocrx_word' id='word_1_118' title='bbox 251 1363 303 1440; x_wconf 90' lang='lat' dir='ltr'>qui</span> <span class='ocrx_word' id='word_1_119' title='bbox 324 1364 416 1423; x_wconf 90' lang='lat' dir='ltr'>habet</span> <span class='ocrx_word' id='word_1_120' title='bbox 438 1365 507 1438; x_wconf 88' lang='lat' dir='ltr'>post</span> <span class='ocrx_word' id='word_1_121' title='bbox 529 1362 637 1422; x_wconf 85' lang='lat' dir='ltr'>horrea</span> <span class='ocrx_word' id='word_1_122' title='bbox 661 1382 727 1422; x_wconf 91' lang='lat' dir='ltr'>mea</span> <span class='ocrx_word' id='word_1_123' title='bbox 745 1363 883 1441; x_wconf 86' lang='lat' dir='ltr'>insulam,</span> <span class='ocrx_word' id='word_1_124' title='bbox 907 1363 1061 1422; x_wconf 80' lang='lat' dir='ltr'>balnearia</span> <span class='ocrx_word' id='word_1_125' title='bbox 1077 1364 1151 1424; x_wconf 88' lang='lat' dir='ltr'>fecit</span> <span class='ocrx_word' id='word_1_126' title='bbox 1211 1383 1240 1446; x_wconf 64' lang='lat' dir='ltr'>:sp</span> 
     </span>
     <span class='ocr_line' id='line_1_16' title="bbox 140 1447 1212 1528; baseline 0 -16"><span class='ocrx_word' id='word_1_127' title='bbox 140 1452 303 1512; x_wconf 88' lang='lat' dir='ltr'>secundum</span> <span class='ocrx_word' id='word_1_128' title='bbox 335 1451 479 1528; x_wconf 89' lang='lat' dir='ltr'>parietem</span> <span class='ocrx_word' id='word_1_129' title='bbox 511 1470 699 1511; x_wconf 90' lang='lat' dir='ltr'>communem</span> <span class='ocrx_word' id='word_1_130' title='bbox 722 1497 728 1510; x_wconf 92' lang='lat'><strong>.</strong></span> <span class='ocrx_word' id='word_1_131' title='bbox 748 1494 781 1511; x_wconf 93' lang='lat'>..</span> <span class='ocrx_word' id='word_1_132' title='bbox 805 1452 952 1512; x_wconf 90' lang='lat' dir='ltr'>Proculus</span> <span class='ocrx_word' id='word_1_133' title='bbox 982 1447 1148 1528; x_wconf 86' lang='lat' dir='ltr'>respondit’</span> <span class='ocrx_word' id='word_1_134' title='bbox 1210 1483 1212 1501; x_wconf 71' lang='grc' dir='ltr'>ι</span> 
     </span>
     <span class='ocr_line' id='line_1_17' title="bbox 139 1535 1250 1618; baseline 0 -18"><span class='ocrx_word' id='word_1_135' title='bbox 139 1541 175 1601; x_wconf 90' lang='lat' dir='ltr'>D.</span> <span class='ocrx_word' id='word_1_136' title='bbox 192 1543 220 1618; x_wconf 86' lang='grc'>8,</span> <span class='ocrx_word' id='word_1_137' title='bbox 236 1544 265 1618; x_wconf 92' lang='grc'>2,</span> <span class='ocrx_word' id='word_1_138' title='bbox 282 1543 331 1601; x_wconf 92' lang='grc'>13.</span> <span class='ocrx_word' id='word_1_139' title='bbox 374 1535 501 1600; x_wconf 74' lang='lat' dir='ltr'>‘Rutila</span> <span class='ocrx_word' id='word_1_140' title='bbox 522 1540 609 1600; x_wconf 89' lang='lat' dir='ltr'>Polla</span> <span class='ocrx_word' id='word_1_141' title='bbox 631 1540 705 1599; x_wconf 85' lang='lat' dir='ltr'>emit</span> <span class='ocrx_word' id='word_1_142' title='bbox 726 1541 824 1600; x_wconf 87' lang='lat' dir='ltr'>laeum</span> <span class='ocrx_word' id='word_1_143' title='bbox 847 1540 1027 1600; x_wconf 85' lang='lat' dir='ltr'>Sabatenem</span> <span class='ocrx_word' id='word_1_144' title='bbox 1044 1541 1151 1618; x_wconf 78' lang='lat' dir='ltr'>Augu·</span> <span class='ocrx_word' id='word_1_145' title='bbox 1211 1561 1250 1610; x_wconf 57' lang='grc' dir='ltr'>ιτ,</span> 
     </span>
     <span class='ocr_line' id='line_1_18' title="bbox 140 1628 1228 1706; baseline 0.002 -19"><span class='ocrx_word' id='word_1_146' title='bbox 140 1629 251 1690; x_wconf 89' lang='lat' dir='ltr'>larium</span> <span class='ocrx_word' id='word_1_147' title='bbox 269 1633 299 1688; x_wconf 88' lang='lat' dir='ltr'>et</span> <span class='ocrx_word' id='word_1_148' title='bbox 318 1629 397 1690; x_wconf 88' lang='lat' dir='ltr'>circa</span> <span class='ocrx_word' id='word_1_149' title='bbox 417 1648 486 1689; x_wconf 92' lang='lat' dir='ltr'>eum</span> <span class='ocrx_word' id='word_1_150' title='bbox 504 1629 604 1688; x_wconf 88' lang='lat' dir='ltr'>lacum</span> <span class='ocrx_word' id='word_1_151' title='bbox 621 1633 711 1705; x_wconf 90' lang='lat' dir='ltr'>pedes</span> <span class='ocrx_word' id='word_1_152' title='bbox 731 1628 839 1688; x_wconf 92' lang='lat' dir='ltr'>decem.</span> <span class='ocrx_word' id='word_1_153' title='bbox 877 1647 987 1706; x_wconf 90' lang='lat' dir='ltr'>quaero</span> <span class='ocrx_word' id='word_1_154' title='bbox 1007 1673 1057 1690; x_wconf 89' lang='lat'>...</span> <span class='ocrx_word' id='word_1_155' title='bbox 1076 1629 1150 1690; x_wconf 90' lang='lat' dir='ltr'>Pro·</span> <span class='ocrx_word' id='word_1_156' title='bbox 1216 1641 1228 1704; x_wconf 60' lang='grc' dir='ltr'>ᾗ</span> 
     </span>
     <span class='ocr_line' id='line_1_19' title="bbox 139 1711 1233 1795; baseline 0.002 -18"><span class='ocrx_word' id='word_1_157' title='bbox 139 1719 223 1778; x_wconf 88' lang='lat' dir='ltr'>culus</span> <span class='ocrx_word' id='word_1_158' title='bbox 243 1713 409 1795; x_wconf 89' lang='lat' dir='ltr'>respoudit&#39;</span> <span class='ocrx_word' id='word_1_159' title='bbox 427 1718 463 1777; x_wconf 91' lang='lat' dir='ltr'>D.</span> <span class='ocrx_word' id='word_1_160' title='bbox 481 1719 640 1793; x_wconf 83' lang='lat'>18,1‚69.</span> <span class='ocrx_word' id='word_1_161' title='bbox 679 1711 795 1778; x_wconf 85' lang='lat' dir='ltr'>‘Celsus</span> <span class='ocrx_word' id='word_1_162' title='bbox 815 1761 865 1777; x_wconf 88' lang='lat'>...</span> <span class='ocrx_word' id='word_1_163' title='bbox 885 1719 997 1778; x_wconf 89' lang='lat' dir='ltr'>tractat</span> <span class='ocrx_word' id='word_1_164' title='bbox 1015 1737 1050 1777; x_wconf 88' lang='lat' dir='ltr'>ex</span> <span class='ocrx_word' id='word_1_165' title='bbox 1067 1718 1150 1779; x_wconf 88' lang='lat' dir='ltr'>facto</span> <span class='ocrx_word' id='word_1_166' title='bbox 1217 1749 1233 1768; x_wconf 58' lang='grc'>1</span> 
     </span>
     <span class='ocr_line' id='line_1_20' title="bbox 138 1799 1224 1884; baseline 0.001 -17"><span class='ocrx_word' id='word_1_167' title='bbox 138 1827 157 1867; x_wconf 92' lang='lat' dir='ltr'>a</span> <span class='ocrx_word' id='word_1_168' title='bbox 175 1807 280 1867; x_wconf 84' lang='lat' dir='ltr'>Flavio</span> <span class='ocrx_word' id='word_1_169' title='bbox 297 1807 441 1882; x_wconf 83' lang='lat' dir='ltr'>Respecto</span> <span class='ocrx_word' id='word_1_170' title='bbox 460 1809 599 1882; x_wconf 89' lang='lat' dir='ltr'>praetore</span> <span class='ocrx_word' id='word_1_171' title='bbox 619 1801 786 1867; x_wconf 88' lang='lat' dir='ltr'>consultus’</span> <span class='ocrx_word' id='word_1_172' title='bbox 805 1807 840 1868; x_wconf 92' lang='lat' dir='ltr'>D.</span> <span class='ocrx_word' id='word_1_173' title='bbox 856 1809 885 1884; x_wconf 88' lang='grc'>4,</span> <span class='ocrx_word' id='word_1_174' title='bbox 900 1809 930 1880; x_wconf 85' lang='grc'>4,</span> <span class='ocrx_word' id='word_1_175' title='bbox 944 1808 973 1884; x_wconf 95' lang='grc'>3,</span> <span class='ocrx_word' id='word_1_176' title='bbox 990 1811 1017 1865; x_wconf 93' lang='lat'>1.</span> <span class='ocrx_word' id='word_1_177' title='bbox 1049 1801 1151 1868; x_wconf 71' lang='lat' dir='ltr'>‘Seius</span> <span class='ocrx_word' id='word_1_178' title='bbox 1220 1799 1224 1806; x_wconf 46' lang='lat'><strong>⁴</strong></span> 
     </span>
     <span class='ocr_line' id='line_1_21' title="bbox 139 1885 1252 1985; baseline 0.004 -31"><span class='ocrx_word' id='word_1_179' title='bbox 139 1895 320 1955; x_wconf 81' lang='lat' dir='ltr'>Saturninus</span> <span class='ocrx_word' id='word_1_180' title='bbox 344 1895 578 1973; x_wconf 77' lang='lat' dir='ltr'>archigubernus</span> <span class='ocrx_word' id='word_1_181' title='bbox 602 1915 638 1954; x_wconf 88' lang='lat' dir='ltr'>ex</span> <span class='ocrx_word' id='word_1_182' title='bbox 660 1896 754 1955; x_wconf 91' lang='lat' dir='ltr'>classe</span> <span class='ocrx_word' id='word_1_183' title='bbox 773 1885 947 1955; x_wconf 86' lang='lat' dir='ltr'>Britannica</span> <span class='ocrx_word' id='word_1_184' title='bbox 967 1897 1151 1958; x_wconf 89' lang='lat' dir='ltr'>testamento</span> <span class='ocrx_word' id='word_1_185' title='bbox 1226 1909 1252 1985; x_wconf 65' lang='lat' dir='ltr'>&#39;p</span> 
     </span>
     <span class='ocr_line' id='line_1_22' title="bbox 137 1983 1246 2072; baseline 0.002 -30"><span class='ocrx_word' id='word_1_186' title='bbox 137 1985 325 2043; x_wconf 87' lang='lat' dir='ltr'>fiduciariam</span> <span class='ocrx_word' id='word_1_187' title='bbox 352 1985 476 2060; x_wconf 91' lang='lat' dir='ltr'>reliquit</span> <span class='ocrx_word' id='word_1_188' title='bbox 503 1984 642 2043; x_wconf 88' lang='lat' dir='ltr'>heredem</span> <span class='ocrx_word' id='word_1_189' title='bbox 665 1983 819 2044; x_wconf 91' lang='lat' dir='ltr'>Valerium</span> <span class='ocrx_word' id='word_1_190' title='bbox 841 1983 1004 2046; x_wconf 84' lang='lat' dir='ltr'>Maximum</span> <span class='ocrx_word' id='word_1_191' title='bbox 1026 1984 1151 2044; x_wconf 88' lang='lat' dir='ltr'>trierar-</span> <span class='ocrx_word' id='word_1_192' title='bbox 1220 2015 1246 2072; x_wconf 52' lang='lat' dir='ltr'>p,</span> 
     </span>
     <span class='ocr_line' id='line_1_23' title="bbox 138 2066 1252 2164; baseline 0.004 -33"><span class='ocrx_word' id='word_1_193' title='bbox 138 2072 241 2149; x_wconf 88' lang='lat' dir='ltr'>chum,</span> <span class='ocrx_word' id='word_1_194' title='bbox 269 2091 287 2130; x_wconf 91' lang='grc'>1</span> <span class='ocrx_word' id='word_1_195' title='bbox 309 2091 368 2149; x_wconf 91' lang='lat' dir='ltr'>quo</span> <span class='ocrx_word' id='word_1_196' title='bbox 390 2073 468 2148; x_wconf 86' lang='lat' dir='ltr'>petit</span> <span class='ocrx_word' id='word_1_197' title='bbox 567 2090 677 2148; x_wconf 87' lang='lat' dir='ltr'>quaero</span> <span class='ocrx_word' id='word_1_198' title='bbox 700 2091 772 2149; x_wconf 82' lang='lat' dir='ltr'>ergo</span> <span class='ocrx_word' id='word_1_199' title='bbox 870 2066 1020 2148; x_wconf 89' lang='lat' dir='ltr'>respondi’</span> <span class='ocrx_word' id='word_1_200' title='bbox 1044 2072 1080 2131; x_wconf 91' lang='lat' dir='ltr'>D.</span> <span class='ocrx_word' id='word_1_201' title='bbox 1097 2075 1151 2153; x_wconf 84' lang='lat'>36,</span> <span class='ocrx_word' id='word_1_202' title='bbox 1222 2101 1252 2164; x_wconf 61' lang='grc'>1,.</span> 
     </span>
    </p>
   </div>
   <div class='ocr_carea' id='block_1_2' title="bbox 516 2266 1252 2344">
    <p class='ocr_par' dir='ltr' id='par_1_2' title="bbox 516 2266 1252 2344">
     <span class='ocr_line' id='line_1_24' title="bbox 516 2266 1252 2344; baseline 0.003 -20"><span class='ocrx_word' id='word_1_203' title='bbox 516 2266 563 2324; x_wconf 87' lang='lat' dir='ltr'>Dc</span> <span class='ocrx_word' id='word_1_204' title='bbox 583 2268 768 2340; x_wconf 73' lang='lat' dir='ltr'>usucapione.</span> <span class='ocrx_word' id='word_1_205' title='bbox 1228 2271 1252 2344; x_wconf 72' lang='grc'>1,</span> 
     </span>
    </p>
   </div>
   <div class='ocr_carea' id='block_1_3' title="bbox 141 2371 1252 2914">
    <p class='ocr_par' dir='ltr' id='par_1_3' title="bbox 141 2371 1252 2914">
     <span class='ocr_line' id='line_1_25' title="bbox 228 2371 1252 2472; baseline 0 -22"><span class='ocrx_word' id='word_1_206' title='bbox 228 2384 267 2450; x_wconf 90' lang='lat' dir='ltr'>D.</span> <span class='ocrx_word' id='word_1_207' title='bbox 282 2386 336 2468; x_wconf 92' lang='grc'>41,</span> <span class='ocrx_word' id='word_1_208' title='bbox 346 2385 376 2466; x_wconf 88' lang='grc'>3,</span> <span class='ocrx_word' id='word_1_209' title='bbox 386 2385 438 2467; x_wconf 88' lang='grc'>30,</span> <span class='ocrx_word' id='word_1_210' title='bbox 450 2384 478 2448; x_wconf 90' lang='grc'>1.</span> <span class='ocrx_word' id='word_1_211' title='bbox 514 2383 601 2448; x_wconf 86' lang='lat' dir='ltr'>idem</span> <span class='ocrx_word' id='word_1_212' title='bbox 636 2406 676 2450; x_wconf 89' lang='lat' dir='ltr'>sc.</span> <span class='ocrx_word' id='word_1_213' title='bbox 694 2381 907 2472; x_wconf 89' lang='lat' dir='ltr'>Pomponius)</span> <span class='ocrx_word' id='word_1_214' title='bbox 927 2385 1009 2450; x_wconf 89' lang='lat' dir='ltr'>libro</span> <span class='ocrx_word' id='word_1_215' title='bbox 1028 2386 1152 2470; x_wconf 83' lang='lat' dir='ltr'>trigon·</span> <span class='ocrx_word' id='word_1_216' title='bbox 1243 2371 1252 2410; x_wconf 61' lang='lat'>&#39;³</span> 
     </span>
     <span class='ocr_line' id='line_1_26' title="bbox 142 2469 1238 2562; baseline 0.001 -23"><span class='ocrx_word' id='word_1_217' title='bbox 142 2475 223 2539; x_wconf 89' lang='lat' dir='ltr'>simo</span> <span class='ocrx_word' id='word_1_218' title='bbox 251 2475 291 2538; x_wconf 91' lang='lat' dir='ltr'>ad</span> <span class='ocrx_word' id='word_1_219' title='bbox 316 2471 473 2540; x_wconf 83' lang='lat' dir='ltr'>Sabinum</span> <span class='ocrx_word' id='word_1_220' title='bbox 497 2469 546 2559; x_wconf 86' lang='lat' dir='ltr'>(P.</span> <span class='ocrx_word' id='word_1_221' title='bbox 562 2473 650 2539; x_wconf 79' lang='lat'>751.</span> <span class='ocrx_word' id='word_1_222' title='bbox 673 2509 717 2521; x_wconf 92' lang='lat'>-</span> <span class='ocrx_word' id='word_1_223' title='bbox 739 2473 848 2538; x_wconf 84' lang='lat' dir='ltr'>Labeo</span> <span class='ocrx_word' id='word_1_224' title='bbox 871 2474 963 2539; x_wconf 86' lang='lat' dir='ltr'>libris</span> <span class='ocrx_word' id='word_1_225' title='bbox 986 2473 1152 2559; x_wconf 81' lang='lat' dir='ltr'>Epistula·</span> <span class='ocrx_word' id='word_1_226' title='bbox 1236 2557 1238 2562; x_wconf 23' lang='grc' dir='ltr'>Ι</span> 
     </span>
     <span class='ocr_line' id='line_1_27' title="bbox 142 2563 1252 2657; baseline 0.002 -30"><span class='ocrx_word' id='word_1_227' title='bbox 142 2585 213 2628; x_wconf 89' lang='lat' dir='ltr'>rum</span> <span class='ocrx_word' id='word_1_228' title='bbox 238 2564 292 2646; x_wconf 87' lang='lat' dir='ltr'>ait,</span> <span class='ocrx_word' id='word_1_229' title='bbox 316 2563 344 2628; x_wconf 90' lang='lat' dir='ltr'>si</span> <span class='ocrx_word' id='word_1_230' title='bbox 369 2565 406 2647; x_wconf 90' lang='grc'>11,</span> <span class='ocrx_word' id='word_1_231' title='bbox 429 2563 481 2627; x_wconf 87' lang='grc'>111</span> <span class='ocrx_word' id='word_1_232' title='bbox 504 2563 544 2628; x_wconf 90' lang='lat' dir='ltr'>ad</span> <span class='ocrx_word' id='word_1_233' title='bbox 566 2564 750 2648; x_wconf 82' lang='lat' dir='ltr'>tegularum</span> <span class='ocrx_word' id='word_1_234' title='bbox 769 2563 820 2627; x_wconf 85' lang='lat' dir='ltr'>vel</span> <span class='ocrx_word' id='word_1_235' title='bbox 839 2563 1059 2640; x_wconf 84' lang='lat' dir='ltr'>columnarum</span> <span class='ocrx_word' id='word_1_236' title='bbox 1078 2585 1153 2629; x_wconf 91' lang='lat' dir='ltr'>usu·</span> <span class='ocrx_word' id='word_1_237' title='bbox 1243 2635 1252 2657; x_wconf 64' lang='lat'>.-</span> 
     </span>
     <span class='ocr_line' id='line_1_28' title="bbox 141 2643 1252 2736; baseline -0.001 -18"><span class='ocrx_word' id='word_1_238' title='bbox 141 2643 310 2736; x_wconf 81' lang='lat' dir='ltr'>cepionem</span> <span class='ocrx_word' id='word_1_239' title='bbox 339 2652 449 2718; x_wconf 90' lang='lat' dir='ltr'>decem</span> <span class='ocrx_word' id='word_1_240' title='bbox 478 2651 546 2716; x_wconf 86' lang='lat' dir='ltr'>dies</span> <span class='ocrx_word' id='word_1_241' title='bbox 574 2655 792 2736; x_wconf 86' lang='lat' dir='ltr'>superessent,</span> <span class='ocrx_word' id='word_1_242' title='bbox 823 2651 858 2715; x_wconf 90' lang='lat' dir='ltr'>in</span> <span class='ocrx_word' id='word_1_243' title='bbox 886 2650 1066 2716; x_wconf 87' lang='lat' dir='ltr'>aedificium</span> <span class='ocrx_word' id='word_1_244' title='bbox 1095 2674 1152 2718; x_wconf 88' lang='lat' dir='ltr'>cae</span> <span class='ocrx_word' id='word_1_245' title='bbox 1232 2643 1252 2735; x_wconf 63' lang='lat'>⁸}</span> 
     </span>
     <span class='ocr_line' id='line_1_29' title="bbox 141 2739 1153 2825; baseline -0.002 -18"><span class='ocrx_word' id='word_1_246' title='bbox 141 2742 344 2819; x_wconf 85' lang='lat' dir='ltr'>coniecisset,</span> <span class='ocrx_word' id='word_1_247' title='bbox 373 2739 475 2806; x_wconf 93' lang='lat' dir='ltr'>nihilo</span> <span class='ocrx_word' id='word_1_248' title='bbox 502 2741 610 2804; x_wconf 85' lang='lat' dir='ltr'>minus</span> <span class='ocrx_word' id='word_1_249' title='bbox 638 2763 711 2806; x_wconf 91' lang='lat' dir='ltr'>cum</span> <span class='ocrx_word' id='word_1_250' title='bbox 739 2743 982 2825; x_wconf 86' lang='lat' dir='ltr'>usucapturum,</span> <span class='ocrx_word' id='word_1_251' title='bbox 1011 2739 1038 2804; x_wconf 87' lang='lat' dir='ltr'>si</span> <span class='ocrx_word' id='word_1_252' title='bbox 1062 2741 1153 2805; x_wconf 92' lang='lat' dir='ltr'>aedi-</span> 
     </span>
     <span class='ocr_line' id='line_1_30' title="bbox 141 2823 1252 2914; baseline -0.002 -20"><span class='ocrx_word' id='word_1_253' title='bbox 141 2831 249 2896; x_wconf 89' lang='lat' dir='ltr'>ficium</span> <span class='ocrx_word' id='word_1_254' title='bbox 273 2829 478 2914; x_wconf 86' lang='lat' dir='ltr'>possedisset.</span> <span class='ocrx_word' id='word_1_255' title='bbox 1241 2823 1252 2868; x_wconf 53' lang='grc' dir='ltr'>ἶ</span> 
     </span>
    </p>
   </div>
   <div class='ocr_carea' id='block_1_4' title="bbox 461 3009 827 3070">
    <p class='ocr_par' dir='ltr' id='par_1_4' title="bbox 461 3009 827 3070">
     <span class='ocr_line' id='line_1_31' title="bbox 461 3009 827 3070; baseline 0.003 -2"><span class='ocrx_word' id='word_1_256' title='bbox 461 3009 510 3070; x_wconf 85' lang='grc' dir='ltr'>ΙΧ.</span> <span class='ocrx_word' id='word_1_257' title='bbox 534 3011 709 3069; x_wconf 76' lang='grc' dir='ltr'><strong><em>Πιθανῶν</em></strong></span> <span class='ocrx_word' id='word_1_258' title='bbox 731 3009 827 3069; x_wconf 89' lang='lat' dir='ltr'>libri.</span> 
     </span>
    </p>
   </div>
   <div class='ocr_carea' id='block_1_5' title="bbox 139 3130 1159 3572">
    <p class='ocr_par' dir='ltr' id='par_1_5' title="bbox 139 3119 1252 3572">
     <span class='ocr_line' id='line_1_32' title="bbox 227 3130 1155 3211; baseline 0.001 -16"><span class='ocrx_word' id='word_1_259' title='bbox 227 3130 368 3196; x_wconf 76' lang='lat' dir='ltr'>‘Pithaua</span> <span class='ocrx_word' id='word_1_260' title='bbox 389 3134 560 3196; x_wconf 85' lang='lat' dir='ltr'>bezeicbuet</span> <span class='ocrx_word' id='word_1_261' title='bbox 581 3134 675 3207; x_wconf 87' lang='lat' dir='ltr'>nicht,</span> <span class='ocrx_word' id='word_1_262' title='bbox 700 3133 755 3193; x_wconf 85' lang='lat' dir='ltr'>wie</span> <span class='ocrx_word' id='word_1_263' title='bbox 779 3151 810 3193; x_wconf 92' lang='lat' dir='ltr'>es</span> <span class='ocrx_word' id='word_1_264' title='bbox 833 3134 882 3194; x_wconf 88' lang='lat' dir='ltr'>die</span> <span class='ocrx_word' id='word_1_265' title='bbox 904 3135 1039 3211; x_wconf 83' lang='lat' dir='ltr'>Vulgata</span> <span class='ocrx_word' id='word_1_266' title='bbox 1062 3136 1155 3196; x_wconf 81' lang='lat' dir='ltr'>llber-</span> 
     </span>
     <span class='ocr_line' id='line_1_33' title="bbox 139 3222 1158 3300; baseline 0.002 -16"><span class='ocrx_word' id='word_1_267' title='bbox 139 3228 226 3298; x_wconf 88' lang='lat' dir='ltr'>setzt,</span> <span class='ocrx_word' id='word_1_268' title='bbox 249 3226 314 3286; x_wconf 89' lang='lat' dir='ltr'>veri</span> <span class='ocrx_word' id='word_1_269' title='bbox 337 3224 458 3300; x_wconf 88' lang='lat' dir='ltr'>similia,</span> <span class='ocrx_word' id='word_1_270' title='bbox 481 3223 744 3284; x_wconf 87' lang='lat' dir='ltr'>wahrscheinliche</span> <span class='ocrx_word' id='word_1_271' title='bbox 767 3222 867 3298; x_wconf 68' lang='lat' dir='ltr'>Setae,</span> <span class='ocrx_word' id='word_1_272' title='bbox 895 3224 1022 3284; x_wconf 90' lang='lat' dir='ltr'>sondern</span> <span class='ocrx_word' id='word_1_273' title='bbox 1043 3225 1158 3300; x_wconf 89' lang='lat' dir='ltr'>proba-</span> 
     </span>
     <span class='ocr_line' id='line_1_34' title="bbox 139 3304 1157 3395; baseline 0.002 -22"><span class='ocrx_word' id='word_1_274' title='bbox 139 3313 212 3373; x_wconf 88' lang='lat' dir='ltr'>bilia</span> <span class='ocrx_word' id='word_1_275' title='bbox 236 3307 299 3375; x_wconf 89' lang='lat'><strong>...’</strong></span> <span class='ocrx_word' id='word_1_276' title='bbox 328 3304 531 3395; x_wconf 76' lang='lat' dir='ltr'>(‘plausibel&#39;)</span> <span class='ocrx_word' id='word_1_277' title='bbox 558 3313 681 3374; x_wconf 86' lang='lat' dir='ltr'>Pernice</span> <span class='ocrx_word' id='word_1_278' title='bbox 707 3311 722 3370; x_wconf 97' lang='grc' dir='ltr'>Ι</span> <span class='ocrx_word' id='word_1_279' title='bbox 742 3314 792 3374; x_wconf 88' lang='grc'>36.</span> <span class='ocrx_word' id='word_1_280' title='bbox 838 3315 912 3391; x_wconf 88' lang='lat' dir='ltr'>quot</span> <span class='ocrx_word' id='word_1_281' title='bbox 934 3313 1026 3372; x_wconf 86' lang='lat' dir='ltr'>libros</span> <span class='ocrx_word' id='word_1_282' title='bbox 1049 3312 1157 3375; x_wconf 87' lang='lat' dir='ltr'>Labeo</span> 
     </span>
     <span class='ocr_line' id='line_1_35' title="bbox 139 3400 1157 3479; baseline 0.002 -19"><span class='ocrx_word' id='word_1_283' title='bbox 139 3400 302 3479; x_wconf 86' lang='lat' dir='ltr'>scripserit,</span> <span class='ocrx_word' id='word_1_284' title='bbox 323 3403 469 3463; x_wconf 87' lang='lat' dir='ltr'>traditum</span> <span class='ocrx_word' id='word_1_285' title='bbox 491 3421 552 3462; x_wconf 90' lang='lat' dir='ltr'>non</span> <span class='ocrx_word' id='word_1_286' title='bbox 574 3404 628 3462; x_wconf 87' lang='lat' dir='ltr'>est.</span> <span class='ocrx_word' id='word_1_287' title='bbox 668 3401 832 3462; x_wconf 88' lang='lat' dir='ltr'>laudantur</span> <span class='ocrx_word' id='word_1_288' title='bbox 853 3401 924 3460; x_wconf 86' lang='lat' dir='ltr'>libri</span> <span class='ocrx_word' id='word_1_289' title='bbox 947 3420 965 3461; x_wconf 91' lang='lat' dir='ltr'>a</span> <span class='ocrx_word' id='word_1_290' title='bbox 985 3401 1157 3477; x_wconf 88' lang='lat' dir='ltr'>Pomponio</span> 
     </span>
     <span class='ocr_line' id='line_1_36' title="bbox 140 3482 1159 3572; baseline 0.006 -27"><span class='ocrx_word' id='word_1_291' title='bbox 140 3487 172 3546; x_wconf 92' lang='lat' dir='ltr'>in</span> <span class='ocrx_word' id='word_1_292' title='bbox 194 3489 401 3564; x_wconf 82' lang='lat' dir='ltr'>Epistularum</span> <span class='ocrx_word' id='word_1_293' title='bbox 424 3491 508 3551; x_wconf 85' lang='lat' dir='ltr'>libris</span> <span class='ocrx_word' id='word_1_294' title='bbox 529 3482 637 3572; x_wconf 71' lang='lat' dir='ltr'>(³apud</span> <span class='ocrx_word' id='word_1_295' title='bbox 655 3489 823 3553; x_wconf 87' lang='lat' dir='ltr'>Labeonem</span> <span class='ocrx_word' id='word_1_296' title='bbox 846 3489 994 3550; x_wconf 89' lang='lat' dir='ltr'>Pithauon</span> <span class='ocrx_word' id='word_1_297' title='bbox 1016 3490 1060 3550; x_wconf 88' lang='lat' dir='ltr'>ita</span> <span class='ocrx_word' id='word_1_298' title='bbox 1079 3492 1159 3550; x_wconf 88' lang='lat' dir='ltr'>scri-</span> 
     </span>
    </p>
   </div>
   <div class='ocr_carea' id='block_1_6' title="bbox 0 0 1261 3880">
    <p class='ocr_par' dir='ltr' id='par_1_6' title="bbox 0 0 1261 3880">
     <span class='ocr_line' id='line_1_37' title="bbox 0 0 1261 3880; baseline 0 0"><span class='ocrx_word' id='word_1_299' title='bbox 0 0 1261 3880; x_wconf 95' lang='lat' dir='ltr'> </span> 
     </span>
    </p>
   </div>
  </div>
 </body>
</html>
