2580 3888
149 170 216 236 354
256 170 289 226 Π.
313 170 382 226 ΤΙΒ.
405 170 481 226 GAII
505 169 636 226 GLAUD.
659 167 1038 225 numennumen
1061 166 1166 223 CONS.

152 336 221 399 sine
243 334 394 398 libertate
418 356 499 398 unus
522 356 562 399 ex
585 333 725 398 dominis
748 332 888 416 reliquit,
910 332 972 396 hoc
995 331 1034 395 ad
1059 331 1168 396 solum

152 423 274 487 socium
306 422 463 506 pertinet3
499 445 541 488 an
573 425 683 487 tamen
710 443 774 506 pro
808 421 895 487 socio
928 419 1046 485 iudicio
1079 441 1168 484 eom·

151 511 308 576 municari
336 512 451 576 debeat
478 533 551 576 cum
580 511 697 576 herede
723 511 816 595 socii,
843 511 1016 594 quaeritur.
1063 511 1096 572 et
1120 509 1170 572 ait

151 599 296 666 Iulianus
321 598 452 665 Sextum
475 600 692 683 Pomponium
716 599 834 665 referre
854 597 1010 664 Sabinum
1034 618 1169 681 rospon-

153 688 283 754 dentem
307 711 373 754 non
397 689 636 754 communicari.

495 882 538 936 De
555 882 704 948 usufructu
723 883 818 952 deputo.

241 1001 270 1064 6.
303 1000 343 1064 D.
359 1002 387 1083 7,
404 1002 432 1082 1,
446 999 489 1065 35
500 1021 546 1084 pr.
582 998 669 1063 Idem
696 997 754 1086 (sc.
773 996 933 1083 Iulianus)
955 999 1040 1063 libro
1058 997 1169 1082 primo

158 1089 198 1154 ad
220 1087 369 1154 Urseium
396 1087 547 1152 Ferocem
571 1085 619 1172 (P.
636 1087 726 1176 887).
750 1126 792 1135 -
817 1087 851 1153 si
875 1088 1096 1152 ususfructus
1120 1087 1169 1149 le-

155 1182 251 1262 gatus
276 1183 339 1260 est,
367 1178 423 1242 sed
447 1177 539 1241 heres
565 1178 703 1260 scriptus
728 1179 769 1243 ob
793 1177 855 1242 hoc
879 1177 1002 1242 tardius
1027 1175 1106 1256 adit,
1130 1178 1172 1238 ut

153 1267 278 1331 tardius
311 1266 351 1329 ad
384 1268 527 1350 legatum
560 1267 794 1351 perveniretur,
825 1267 888 1330 hoo
920 1287 1046 1350 quoque
1074 1285 1167 1348 prae·

153 1356 306 1434 stabitur,
331 1360 368 1419 ut
392 1353 511 1419 Sabino
534 1356 665 1438 placuit.

242 1454 270 1517 7.
303 1452 385 1516 Ibid.
400 1455 420 1532 ξ
436 1454 465 1517 1.
488 1489 530 1498 -
555 1451 641 1517 Usus
670 1453 794 1518 fructus
823 1453 906 1517 servi
936 1452 1015 1516 mihi
1038 1452 1168 1535 legatus

153 1545 203 1606 est
225 1541 325 1625 isque,
349 1563 421 1606 cum
446 1563 506 1626 ego
526 1542 574 1606 uti
597 1541 662 1605 frui
681 1543 846 1624 desissem,
868 1541 950 1606 liber
969 1562 1038 1605 esse
1058 1540 1168 1604 iussus

153 1634 216 1715 est,
246 1630 357 1694 deinde
385 1652 445 1716 ego
475 1631 515 1694 ab
544 1631 662 1695 herede
686 1632 944 1696 aestimationem
966 1629 1066 1714 legati
1089 1628 1169 1693 tuli:

152 1719 256 1783 nihilo
294 1720 398 1802 magis
436 1741 509 1784 eum
546 1720 683 1784 liberum
720 1719 790 1784 fore
824 1718 963 1784 Sabinus
999 1716 1170 1800 respondit

155 1807 306 1893 (namque
330 1808 433 1873 videri
455 1830 506 1872 me
531 1809 579 1873 uti
602 1808 666 1873 frui
689 1808 829 1891 homine,
852 1831 911 1893 pro
936 1829 999 1893 quo
1023 1807 1168 1890 aliquam

153 1919 222 1962 rem
245 1893 413 1984 habeam),
436 1896 658 1962 condicionem
683 1902 790 1962 autem
815 1899 883 1962 eius
907 1896 1068 1961 libertatis
1092 1916 1168 1958 ean-

155 1986 227 2048 dem
250 2007 394 2068 manere,
422 1986 469 2050 ita
492 1989 537 2054 ut„
551 1986 666 2050 mortis
689 2007 779 2050 meae
803 1990 860 2051 aut
883 1987 999 2071 capitis
1023 1984 1168 2050 deminu-

153 2074 253 2137 tionis
277 2075 460 2139 interventu
481 2074 564 2138 liber
587 2073 715 2138 futurus
739 2079 833 2140 esset.

244 2170 272 2234 8.
306 2171 344 2235 D.
362 2171 545 2257 7,1,23,1.
578 2171 667 2235 Idem
696 2169 753 2257 (sc.
777 2170 952 2255 Ulpianus)
981 2173 1064 2235 libro
1093 2192 1168 2255 sep-

155 2259 236 2323 timo
258 2259 381 2325 decimo
401 2261 441 2324 ad
456 2258 611 2324 Sabinum
626 2290 668 2312 =
678 2258 753 2325 Vat.
767 2260 805 2324 fr.
822 2262 901 2345 72,1
921 2257 968 2346 (Ρ.
983 2257 1108 2345 iacob).
1123 2296 1169 2306 —

156 2348 381 2413 ...modicam
409 2370 535 2433 quoque
565 2349 814 2436 castigationem
840 2349 1014 2414 fructuario
1039 2369 1169 2431 compe·

153 2441 221 2501 tere
253 2434 391 2503 Sabinus
421 2438 587 2521 respondit
616 2443 649 2502 et
676 2435 807 2503 Cassius
835 2438 918 2504 libro
947 2443 1059 2503 octavo
1087 2437 1169 2502 iuris

155 2524 259 2590 civilis
284 2527 426 2612 scripsit,
457 2529 504 2592 ita
527 2531 564 2593 ut
586 2549 690 2612 neque
719 2531 884 2611 torqueat,
905 2548 1008 2612 nequo
1031 2527 1171 2610 flagellis

155 2615 276 2680 caedat.

244 2703 273 2768 9.
291 2702 366 2769 Vat.
380 2705 419 2771 fr.
435 2706 486 2790 72,
501 2707 529 2770 2.
549 2743 591 2752 -
614 2705 717 2771 Iidem
741 2705 880 2770 fructum
904 2727 1020 2788 operae
1044 2705 1168 2790 gladia·

155 2793 257 2858 toriae
272 2793 339 2857 eins
351 2792 409 2881 (se.
420 2791 518 2880 servi)
529 2816 630 2878 usque
645 2794 686 2858 ad
700 2795 844 2877 praemia
858 2793 1035 2858 fructuario
1049 2799 1172 2878 putant

155 2890 337 2966 competere
356 2905 460 2966 posse,
479 2889 610 2947 atvero
630 2886 762 2968 pugnet,
783 2883 854 2965 cogi
868 2904 932 2947 non
950 2904 1045 2966 posse
1060 2920 1168 2928 —-

155 2971 240 3034 idem
256 2977 289 3036 et
302 2969 448 3054 Sabinus,
469 2973 616 3055 quamvis
631 2971 722 3035 navis
737 2969 940 3053 <usufructu
955 2971 1062 3054 legato
1077 2973 1169 3037 navi-

157 3063 268 3144 gatum
297 3060 510 3143 mittendam>
540 3062 647 3143 putet,
675 3059 750 3123 licet
777 3060 939 3144 naufragii
967 3062 1169 3143 peri<oulum

156 3148 346 3230 immineat>
368 3197 376 3213 .
396 3200 402 3212 .
424 3199 430 3212 .
454 3170 554 3233 neque
582 3147 613 3212 id
640 3148 836 3213 contrarium
861 3157 911 3214 est
934 3170 1030 3232 supra
1058 3149 1172 3236 dictis,

156 3257 254 3300 naves
283 3237 369 3300 enim
397 3237 436 3301 ad
461 3238 523 3303 hoe
546 3241 715 3321 parantur,
743 3238 801 3319 <ut
823 3238 1013 3324 navigent3>
1036 3238 1169 3304 homine

157 3328 265 3388 autem
289 3325 385 3389 aliter
408 3327 455 3390 uti
478 3348 659 3411 possumus.

246 3445 281 3504 of.
305 3444 541 3523 D.7,1,12,1.
579 3443 728 3522 Ulpianus
751 3447 828 3506 libro
852 3447 1109 3523 septimodecimo
1130 3448 1171 3508 ad

158 3528 310 3591 Sabinum.
326 3564 367 3574 -
382 3532 476 3594 Navis
494 3553 552 3593 usu
570 3534 672 3594 fructu
690 3536 789 3613 legato
804 3536 975 3613 navigatum
989 3537 1171 3598 mittendam
