2568 3890
151 111 217 175 216
254 111 275 168 Ι.
299 109 453 167 turture
472 109 631 167 AUGUSTI
649 109 696 164 ΕΤ
713 109 848 165 ΤΙΒΕΒΙΙ
866 108 962 165 IURIS
981 109 1163 166 CONSULTI

487 298 530 352 De
547 297 666 352 maltam
683 298 822 352 eoadaato.

243 394 315 462 155.
338 397 377 462 D.
391 397 503 478 isias
520 399 548 462 7.
568 435 606 443 -
632 397 760 462 Seruum
782 418 883 462 meam
906 399 1071 463 mationem
1095 393 1164 465 aori·

150 487 283 562 detristi·
311 487 498 570 meptepmtia
524 487 589 552 eires
622 487 726 552 mutas
753 492 823 551 tems
844 487 935 568 perit.
984 489 1013 551 si
1038 489 1104 570 ipse
1131 509 1162 554 se

152 575 284 657 locasset,
311 595 348 640 aa
364 574 485 658 paratio
508 576 671 640 dumtaxat
692 580 720 639 et
740 577 775 640 ia
797 596 862 640 rem
884 595 968 641 uerso
990 576 1054 641 me¹
1077 579 1163 642 dam-

151 684 228 728 mam
248 663 303 728 tibi
314 669 548 746 praestaturam
565 665 639 729 dieo.
671 665 722 728 siri
735 668 835 729 autem
849 667 913 746 ipse
925 685 994 729 oum
1008 665 1162 750 locassem,

150 773 213 816 marr
235 752 321 817 altra
344 774 392 818 me
414 753 470 818 tibi
486 758 729 835 praestaturam,
750 774 844 835 qaam
866 753 971 818 dolam
993 754 1112 819 matrim
1135 760 1164 820 et

149 841 273 922 ambram
301 862 401 906 meam
430 842 546 919 abesse;
576 843 657 924 qaod
681 843 710 906 st
731 843 797 906 sire
818 843 994 923 defiuitione
1011 863 1163 925 personae

151 931 318 995 mationem
336 953 358 995 a
375 951 423 995 me
440 931 614 996 eordartstr’
631 935 659 994 et
676 950 727 1012 epo
745 951 814 994 eam
832 931 887 995 tibi
900 932 1055 1016 dedissem,
1073 933 1164 998 aerias

148 1019 337 1102 reptepmtia
359 1021 531 1084 immeritam
548 1020 689 1102 perierit,
719 1020 808 1084 ittam
830 1040 946 1103 qaoque
968 1021 1091 1102 eulpam
1113 1043 1164 1086 me

148 1107 204 1172 tibi
221 1113 455 1193 praestaturam
478 1110 539 1194 aio,
560 1109 642 1190 qaod
662 1128 731 1172 eam
752 1109 913 1192 etepissm
935 1109 991 1191 qai
1012 1110 1163 1175 eiasmodt

149 1197 262 1262 damma
285 1201 312 1261 te
334 1198 483 1279 adficeret.

405 1354 449 1409 De
466 1354 629 1410 aestimaretis
644 1354 781 1423 potiendis
799 1353 903 1410 locatis.

243 1453 313 1520 156.
350 1454 390 1519 D.
410 1455 461 1539 19,
479 1455 510 1538 2,
529 1455 581 1538 60,
599 1454 629 1519 2.
684 1453 792 1519 Labeo
824 1455 1040 1538 posteriorum
1073 1455 1161 1520 libro

149 1543 261 1627 quinto
296 1567 315 1608 a
346 1541 499 1609 Iauoleno
533 1545 790 1627 epitomatorum.
816 1579 856 1590 -
888 1544 1072 1609 Vestimenta
1104 1549 1162 1609 trra

144 1631 225 1713 fatto
244 1633 381 1714 perdidit
402 1639 431 1698 at
451 1632 542 1697 babes
564 1633 644 1697 aude
659 1637 751 1714 petas
772 1653 825 1697 rrea
846 1638 976 1714 repetere
997 1633 1052 1698 uis.
1088 1634 1161 1716 apis

146 1721 244 1786 attrita
272 1723 376 1787 miras
402 1743 440 1786 ea
466 1721 560 1787 toaato
587 1741 657 1786 eam
681 1720 810 1805 tattone,
841 1723 894 1786 sed
914 1723 1043 1786 iadicem
1067 1724 1160 1786 aest'e

148 1815 321 1895 maturam,
351 1831 395 1875 aa
414 1811 519 1894 passis
546 1811 692 1875 aduersos
712 1810 815 1890 farem
837 1811 937 1893 mauis
959 1831 1047 1893 apere
1069 1815 1098 1874 et
1118 1811 1161 1876 ab

147 1919 179 1962 ea
207 1903 277 1964 taras
298 1919 348 1964 res
370 1901 510 1980 amseqmi
530 1899 661 1980 fattoais
683 1899 818 1963 videlieet
838 1899 1025 1981 sumptibus·
1055 1900 1109 1964 sed
1129 1901 1161 1965 si

146 1985 201 2051 boa
228 1987 283 2052 tibi
311 1984 495 2071 impossibile
521 2008 582 2052 esse
598 1990 799 2070 perspexerit,
828 1992 899 2054 tarro
919 1988 1068 2068 tattonem
1090 1989 1160 2070 pai

146 2076 215 2139 dem
237 2075 293 2140 tibi
312 2076 531 2160 eoademuabit,
553 2081 624 2140 taos
641 2081 741 2140 aatem
761 2077 894 2142 aetiopes
912 2082 940 2141 te
957 2077 1161 2162 etpraestare

144 2164 306 2246 compellet.

238 2249 309 2318 157.
350 2252 389 2317 Ι).
412 2253 465 2337 47,
489 2253 519 2331 2,
543 2253 594 2317 91.
652 2251 820 2318 Iavolenus
862 2252 946 2318 libro
987 2275 1073 2319 nona
1117 2276 1159 2319 ex

145 2341 379 2424 posterioribus
397 2340 569 2406 Labeonis.
590 2377 628 2389 -
650 2341 743 2406 Fullo
768 2342 894 2407 actione
916 2342 1015 2408 loeati
1038 2343 1076 2407 de
1099 2343 1156 2408 do·

145 2428 234 2494 mino
267 2429 421 2496 liberatus
455 2435 512 2495 est.
556 2434 655 2516 negat
682 2453 755 2496 eum
783 2431 862 2495 furti
888 2434 975 2496 reete
1007 2435 1157 2497 acturum

145 2517 263 2584 Labeo.
303 2519 384 2584 item
402 2519 430 2584 si
448 2519 528 2585 furti
547 2520 675 2605 egisset,
693 2521 881 2605 priusquam
900 2542 939 2584 ex
957 2522 1061 2585 locato
1081 2541 1157 2586 eum

146 2629 184 2672 eo
208 2611 358 2693 ageretur
382 2612 424 2688 et,
454 2614 627 2693 antequam
651 2607 689 2673 de
713 2609 799 2675 furto
823 2608 1031 2694 iudicaretur,
1054 2610 1157 2674 loeati

144 2697 271 2762 aetione
303 2697 460 2763 liberatus
491 2707 588 2781 esset,
621 2700 653 2762 et
679 2697 732 2761 fur
760 2698 801 2762 ab
830 2718 867 2763 eo
897 2698 1023 2763 absolvi
1051 2698 1155 2764 debet.

143 2786 229 2869 quad
262 2787 290 2851 si
321 2787 403 2851 nihil
433 2808 543 2852 aarum
571 2790 646 2851 ante
674 2785 857 2868 accidisset,
888 2786 993 2852 furem
1020 2785 1051 2850 ei
1077 2808 1156 2852 aon·

143 2875 288 2939 demnari
311 2879 467 2961 oportere.

446 3031 490 3086 De
507 3033 585 3086 domo
602 3031 731 3100 fastrada
749 3031 847 3088 locata.

232 3130 305 3197 158.
341 3130 380 3196 D.
402 3131 452 3214 19,
471 3130 501 3215 2,
520 3131 571 3215 60,
590 3131 620 3196 3.
675 3130 783 3197 Labeo
821 3133 1036 3216 posteriorum
1068 3133 1156 3200 libro

143 3223 256 3305 quinto
280 3242 299 3284 a
321 3219 476 3286 Iauoleno
499 3221 758 3304 epitomatorem.
780 3257 818 3269 -
839 3222 919 3304 Lapa
941 3223 1023 3287 diota
1044 3224 1157 3290 domas

139 3309 285 3388 faaimda
308 3309 407 3374 tooata
429 3314 496 3374 erat
515 3311 570 3393 ita,
592 3315 628 3375 at
638 3311 782 3395 prabatio
800 3316 857 3376 aat
874 3311 1055 3394 improbatio
1073 3311 1157 3377 baa·
1278 3389 1279 3398 χ

213 3486 229 3534 1
250 3482 301 3539 Fr.
323 3482 352 3538 in
371 3499 430 3537 rem
448 3500 566 3553 versum.
