2512 3888
163 169 227 234 438
264 169 299 224 11.
326 167 394 224 TIB.
413 166 490 223 sen
512 165 642 224 GLAUD.
666 164 927 224 midsommer.
949 165 1047 221 IURIS
1071 166 1174 223 CONS.

163 339 330 416 cognoscet.
380 353 447 394 cum
478 335 570 395 tertio
603 335 679 395 libro
711 337 831 395 tantum
857 334 894 395 do
920 333 1173 396 vindicationibus

164 427 277 486 dictum
300 426 348 502 sit,
370 425 401 484 in
424 442 581 500 personam
605 425 737 484 actiones
757 423 884 484 secundo
903 423 979 484 libro
1004 424 1174 501 etquidem

165 515 298 592 singulas
320 532 375 574 suo
398 513 463 574 loco
487 513 632 573 Sabinum
655 512 817 588 explicasse
839 511 1007 589 putandum
1030 515 1087 573 est

573 703 623 768 Dc
646 703 761 787 1595715.

250 833 295 892 De
319 833 428 911 legatis
452 832 591 892 dixerunt
612 830 686 892 Cato
711 825 741 912 (I
752 853 780 909 p.
797 824 863 914 20),
886 831 1027 892 Manilius
1051 823 1094 910 (p.
1112 827 1175 914 25),

162 921 195 981 P.
217 921 333 982 Mucius
358 912 402 1003 (p.
418 914 489 1003 33),
516 921 649 980 Rutilius
671 921 768 980 Rufus
792 924 833 996 (p.
849 923 892 980 44
902 913 972 999 sq.),
1002 919 1034 990 Q.
1059 920 1174 981 Mucius

163 1009 205 1088 (p.
234 1013 284 1071 58.
315 1013 355 1071 73
366 1030 409 1087 sq.
438 1012 479 1070 82
492 1000 563 1090 sq.),
614 1009 769 1070 Cornelius
814 1009 961 1068 Maximus
1012 1002 1056 1089 (p.
1087 1012 1174 1088 111,

161 1099 313 1178 Aquillius
338 1098 442 1159 Gallus
465 1093 507 1178 (p.
524 1101 586 1158 119
598 1090 665 1180 sq.),
690 1098 812 1159 Servius
835 1089 877 1180 (p.
898 1101 961 1159 170
971 1116 1013 1175 sq.
1029 1100 1096 1158 220
1108 1118 1149 1177 sq.
1166 1146 1172 1176 ,

162 1187 193 1249 O.
207 1189 316 1248 Ateius
331 1180 374 1269 (p.
389 1189 452 1248 269
469 1181 536 1266 sep),
555 1186 651 1247 Cinna
664 1181 705 1266 (p.
722 1182 810 1264 272),
823 1187 959 1247 Namusa
972 1179 1016 1268 (p.
1031 1189 1097 1248 276
1108 1183 1174 1266 sq.)‚

161 1277 288 1337 Alfenus
310 1272 353 1356 (p.
369 1278 441 1336 283.
457 1278 521 1336 294
536 1271 604 1354 sq.),
627 1274 734 1337 Ofilius
752 1269 842 1357 (336.
858 1278 929 1337 348.
946 1267 1034 1356 354),
1055 1276 1173 1337 Tubero

162 1360 205 1446 (p.
221 1368 286 1426 360
296 1359 366 1442 sq.),
394 1363 555 1425 Cascellius
578 1356 620 1445 (p.
637 1367 699 1425 371
712 1357 783 1445 su),
814 1365 974 1424 Trebatius
997 1357 1040 1446 (p.
1056 1367 1121 1425 398
1133 1384 1173 1442 sq.

162 1457 226 1516 408
238 1446 309 1535 sq.),
337 1454 437 1514 Labeo
466 1447 511 1535 (II
529 1475 558 1531 p.
575 1457 615 1515 65
627 1473 669 1531 sq.
691 1455 763 1514 152.
785 1456 846 1514 186
858 1473 900 1532 sq.
921 1455 983 1512 222
995 1445 1066 1533 sq.),
1096 1454 1175 1514 Mola

164 1537 207 1624 (p.
223 1536 317 1624 291),
339 1543 439 1603 Nerva
462 1537 506 1625 (p.
521 1545 584 1604 303
596 1535 662 1625 sq.).

250 1626 409 1711 ‘Legatum
438 1635 484 1692 est
511 1633 591 1709 quod
618 1631 694 1710 legis
721 1631 824 1709 modo,
855 1631 886 1690 id
913 1633 959 1691 est
985 1629 1173 1709 imperative,

161 1723 340 1782 testamento
363 1716 564 1800 relinquitur’.
601 1720 670 1797 Ulp.
689 1721 785 1794 24,1.

366 1919 413 1976 Da
436 1918 572 1976 codicillis
595 1921 759 1977 testamento
782 1916 966 1988 confirmetis.

249 2040 293 2098 De
325 2040 531 2099 codicillorum
562 2059 619 2099 usu
651 2040 720 2099 inde
753 2040 790 2099 ab
822 2039 955 2117 Augusti
985 2039 1174 2115 temporibus

162 2131 281 2204 recepto
304 2146 332 2186 v.
349 2128 372 2187 I.
394 2131 422 2204 2,
439 2129 479 2186 25
494 2147 538 2202 pr.
562 2119 592 2207 (I
604 2149 634 2204 p.
649 2118 737 2208 398).

250 2210 270 2275 ἦ
286 2261 291 2274 .
307 2215 442 2293 legatum
460 2215 605 2275 codicillis
622 2217 762 2275 relictum
779 2235 841 2276 nou
859 2216 948 2275 aliter
969 2215 1058 2294 valet,
1081 2235 1174 2294 quam

165 2305 192 2364 si
214 2323 232 2362 a
254 2306 399 2364 testatore
421 2304 587 2382 confirmati
606 2304 726 2382 fuerint,
748 2305 780 2363 id
798 2307 846 2364 est
863 2305 921 2364 nisi
939 2304 970 2363 in
988 2306 1173 2365 testamento

162 2392 276 2453 caverit
308 2395 447 2469 testator,
478 2396 514 2452 ut
541 2393 686 2471 quidquid
713 2393 744 2452 in
772 2393 915 2452 codicillis
942 2393 1111 2470 scripserit,
1144 2395 1173 2452 id

163 2485 263 2542 ratum
291 2475 351 2541 sit'
396 2476 551 2542 ‘codicillis
578 2501 665 2542 nemo
693 2484 779 2542 heres
806 2481 926 2542 institui
952 2484 1175 2558 potestasque

162 2571 348 2646 exheredari,
384 2571 521 2647 quamvis
559 2574 737 2631 testamento
770 2570 937 2630 confirmati
969 2564 1049 2629 eint'.
1108 2569 1175 2630 dai.

165 2662 194 2737 2,
209 2662 296 2827 Nil
313 2662 476 2847 12174915,
489 2761 570 2844 12,5
585 2761 816 2844 Tryphoninus
830 2759 913 2824 libro
929 2762 1045 2846 quarto
1056 2758 1176 2845 Dispu-

52 2875 54 2878 ·
162 2852 324 2916 tationem
352 2849 400 2935 (P.
426 2847 492 2936 13).
524 2887 565 2895 —
595 2848 757 2934 Codicilli,
788 2849 816 2913 si
848 2870 926 2931 quos
958 2849 992 2912 in
1024 2853 1175 2935 tompore

161 2938 362 3023 captivitatis
386 2938 561 3022 scripserit,
583 2959 650 3002 non
673 2935 845 3002 creduntur
867 2937 935 3001 iure
958 2936 1073 3002 subtili
1097 2960 1176 3004 con·

162 3029 284 3093 firmati
307 3030 512 3109 testamento,
535 3025 619 3112 quod
642 3026 677 3090 in
701 3026 831 3091 civitate
853 3025 983 3090 fecerat.

460 3227 507 3286 De
529 3227 688 3302 lepotoram
707 3228 867 3302 pecoribus.

251 3345 445 3428 ‘Legatorum
459 3394 466 3409 .
480 3392 488 3408 .
502 3368 614 3425 genera
628 3353 699 3411 suut
713 3352 868 3428 quattuor:
887 3354 942 3410 aut
955 3350 1034 3410 euim
1043 3369 1100 3428 per
1109 3351 1176 3413 vin·

162 3437 340 3498 dicationem
376 3439 511 3515 legamus
548 3443 602 3498 aut
632 3458 685 3513 per
717 3438 936 3498 damnationem
968 3439 1022 3498 aut
1054 3439 1177 3501 sinendi

162 3524 249 3583 modo
273 3528 326 3584 aut
348 3545 402 3599 per
423 3521 682 3602 praeceptionem’.
719 3525 922 3605 6512192.
