2512 3888
176 182 242 245 446
282 182 317 236 ll.
344 179 412 234 ΤΙΒ.
432 178 507 234 esu
533 178 662 236 GLAUD.
681 177 816 235 1111110111.
835 177 942 236 ΤΕΜΡ.
962 177 1060 234 Iunis
1083 178 1187 236 (10118.

177 344 299 409 decimo
333 341 373 406 ad
405 341 568 406 Plautium
599 338 649 428 (P.
674 338 783 427 1188).
811 377 856 389 —-
883 341 1038 408 Plautius.
1077 339 1185 446 Servo,

176 453 272 518 quem
290 431 350 495 tibi
368 430 561 515 legemem,
584 430 717 495 fundum
737 431 852 514 legavi.
964 429 1103 496 Sabinus
1122 453 1185 516 prr·

176 543 266 586 mum
292 521 327 585 in
355 541 448 585 servo
476 519 636 584 rationem
658 519 739 604 legis
762 517 924 584 Falcidiae
946 518 1130 585 habendam
1153 526 1185 588 et

175 613 275 695 quota
306 629 383 693 pars
415 630 454 674 ex
485 629 523 674 eo
557 608 736 687 decederet,
768 628 840 674 eam
869 612 995 693 partem
1022 609 1057 673 in
1085 609 1183 676 fundo

175 699 284 783 legato
311 697 459 763 inutilem
487 697 644 780 futuram,
673 695 786 762 deinde
814 718 853 763 ex
881 697 1014 783 reliquis
1036 699 1185 783 pertibus

174 786 265 852 fundi
291 786 374 872 legis
397 785 557 852 Falcidiae
580 786 760 870 portionem
789 786 1006 872 decessurum,
1033 787 1120 853 sicut
1147 811 1184 853 ex

175 877 325 942 omnibus
347 875 474 962 legatis.

265 974 315 1039 19.
346 972 386 1038 Ι).
413 973 469 1052 30,
489 973 540 1038 80.
592 971 686 1055 Apud
713 970 874 1037 Iulianum
902 973 985 1038 libro
1014 973 1183 1060 trigesimo

174 1062 313 1130 secundo
344 1061 553 1147 Digestorum
586 1059 760 1126 Marcellus
796 1065 900 1126 notat:
939 1061 986 1143 Is,
1024 1064 1079 1145 qui
1117 1064 1183 1128 sols

173 1152 311 1237 triginta
333 1152 515 1236 reliquerat,
538 1149 626 1215 Titio
649 1148 788 1235 triginta
810 1149 939 1234 legavit,
963 1148 1036 1215 Seio
1059 1151 1184 1238 viginti,

173 1239 300 1306 Maeuio
319 1238 437 1305 decem.
469 1237 647 1303 Massurius
662 1235 800 1302 Sabinus
819 1238 937 1322 probet
951 1237 1073 1303 Titium
1094 1241 1183 1325 quin·

174 1329 291 1412 decim,
313 1326 422 1393 Seium
445 1327 567 1408 decem,
597 1326 759 1392 Maeuium
783 1327 924 1412 quinque
946 1332 1183 1415 consecuturos,

173 1417 220 1482 ite
251 1421 374 1501 tamen,
410 1421 447 1481 ut
480 1438 517 1481 ex
549 1414 601 1480 his
633 1435 693 1498 pro
725 1419 798 1480 rata
829 1414 990 1500 portionis
1023 1411 1184 1484 Falcidiae

174 1507 319 1572 satisfiat.

261 1605 313 1669 20.
341 1602 379 1668 D.
403 1601 459 1686 35,
478 1603 512 1683 2,
534 1604 567 1685 1,
588 1601 637 1666 19.
688 1599 806 1666 Paulus
837 1601 922 1667 libro
954 1601 1116 1688 singulari
1146 1605 1183 1670 ed

173 1693 277 1778 legem
298 1690 474 1757 Falcidiam
494 1689 544 1777 (P.
562 1687 669 1776 921⁰).
687 1725 732 1740 -
750 1689 799 1755 De
817 1690 962 1774 impensa
980 1695 1183 1759 monumenti

172 1783 303 1848 nomine
330 1781 418 1847 facta
447 1779 620 1863 quaeritur,
643 1801 684 1843 an
707 1778 819 1844 deduci
841 1779 956 1844 debeat
978 1775 1036 1865 (sc.
1060 1781 1095 1846 in
1116 1781 1183 1848 Fal-

173 1869 275 1935 cidiae
297 1865 446 1953 ratione).
493 1871 525 1933 et
548 1865 687 1932 Sabinus
710 1867 757 1932 ita
780 1866 996 1933 deducendum
1019 1872 1134 1956 putat,
1157 1871 1182 1936 si

172 1958 388 2023 necessarium
410 1957 510 2022 fuerit
533 1959 774 2022 monumentum
798 1961 950 2024 extruere.

444 2175 491 2234 De
512 2176 651 2234 inutiliter
672 2175 779 2235 relictas
800 2177 908 2251 tepetis.

258 2291 349 2356 ‘Ante
403 2297 521 2358 heredis
572 2297 793 2359 institutionem
842 2300 992 2360 inutiliter
1038 2299 1181 2379 legetur?

172 2384 236 2445 Gai.
261 2387 294 2462 2,
314 2387 387 2445 229.
439 2380 523 2446 ‘item
555 2387 657 2464 legata
688 2385 799 2448 Graece
832 2388 943 2465 scripta
974 2407 1035 2448 non
1067 2385 1181 2453 velent'

171 2472 235 2536 (iai.
256 2477 284 2554 2,
300 2476 373 2535 281.
414 2469 443 2535 ‘a
465 2477 611 2554 legatario
634 2476 731 2552 legari
753 2495 812 2536 non
834 2479 943 2552 potest.
983 2478 1121 2555 legatum
1145 2481 1182 2541 ab

171 2582 205 2624 eo
228 2567 349 2623 tantum
372 2564 438 2624 dari
460 2568 567 2642 potest,
590 2564 642 2641 qui
659 2564 745 2625 heres
762 2564 922 2625 institutus
941 2560 1007 2627 est’.
1044 2547 1114 2646 Ulp.
1131 2572 1181 2648 24,

38 2679 42 2689 ·
171 2656 221 2729 20,
238 2657 288 2714 21.
324 2654 408 2714 nullo
431 2655 519 2715 modo
542 2655 637 2730 legari
659 2654 759 2731 potest
777 2654 943 2732 peregrino.
980 2653 1044 2716 Gai.
1062 2659 1091 2737 2,
1108 2660 1182 2719 218.

167 2743 269 2804 Latini
292 2743 394 2820 legata
416 2762 521 2820 cepere
543 2741 739 2819 prohibentur
761 2761 815 2819 per
832 2744 930 2821 legem
947 2744 1077 2805 Iuniam.
1116 2746 1182 2808 Gai.

170 2835 288 2910 2,110.
305 2835 332 2910 1,
348 2834 399 2892 23.
441 2826 585 2891 ‘incertae
605 2850 749 2906 personae
767 2832 903 2909 legatum
920 2833 1072 2894 inutiliter
1089 2836 1183 2896 relin-

168 2915 293 2998 quitur'.
335 2920 399 2981 Gai.
425 2923 452 2997 2,
474 2923 545 2981 238.
591 2915 742 2996 ‘postumo
766 2939 885 2998 quoque
909 2921 1005 2982 elieno
1029 2922 1186 2985 inutiliter

168 3004 307 3088 legatur'.
353 3008 417 3070 Gai.
437 3012 465 3087 2,
482 3011 553 3068 240.

257 3094 309 3158 21.
337 3091 405 3158 Gai.
429 3094 464 3175 2,
485 3093 558 3157 244.
588 3129 626 3140 -
656 3091 707 3156 An
738 3092 767 3157 ei
795 3093 850 3178 qui
877 3093 910 3158 in
939 3097 1106 3177 potestate
1137 3098 1185 3163 sit

168 3182 236 3246 eius
260 3203 354 3266 quem
377 3181 527 3246 heredem
550 3180 758 3260 instituimus,
781 3185 867 3247 reete
886 3182 1031 3268 legemus
1051 3187 1185 3269 quaeri-

166 3273 229 3335 tur.
274 3268 403 3334 Servius
426 3274 511 3335 reete
534 3269 637 3354 legari
662 3272 769 3355 putat,
798 3270 853 3336 sed
876 3293 1068 3336 evanescere
1090 3274 1184 3360 lega·

168 3360 248 3440 tum,
271 3357 385 3441 siquo
409 3362 553 3441 tempore
577 3357 644 3422 dies
668 3360 848 3443 legatorum
872 3359 982 3424 cedere
1005 3361 1099 3441 solet,
1127 3363 1184 3428 ad·

168 3443 232 3508 huc
253 3445 287 3507 in
310 3448 474 3527 potestate
497 3447 553 3532 sit3
574 3445 711 3530 ideoque
734 3445 802 3512 1111
820 3469 899 3532 pure
918 3448 1063 3533 legatum
1082 3451 1130 3517 sit
1150 3454 1185 3517 et

168 3528 241 3594 vivo
268 3534 425 3597 testatore
452 3534 485 3597 in
512 3536 674 3618 potestate
696 3533 823 3599 heredis
847 3558 916 3601 esse
940 3536 1085 3623 desierit,
1111 3541 1184 3606 sive
