2580 3888
495 195 519 244 o.
542 186 672 243 rusius
695 186 795 242 rrum
1086 187 1149 253 297

142 349 239 416 ditori
267 350 371 416 teneri
397 350 483 415 Mela
511 350 635 432 scribit,
665 354 698 414 te
725 372 865 435 quoque,
893 351 921 414 si
949 351 1039 416 scisti
1063 353 1152 433 [nam

142 461 208 504 uon
244 461 282 504 ex
313 440 480 505 voluntate
512 438 689 504 venditoris
726 439 857 523 accipis,
895 461 968 505 cum
1000 444 1086 506 erret
1117 441 1152 506 in

141 527 306 684 ponddUl
320 615 360 683 D.
382 616 457 683 ibid.
481 619 501 698 ξ
524 619 576 683 23.
608 653 651 665 -
684 614 718 682 Si
750 617 821 700 quis
855 637 946 682 servo
979 640 1050 683 meo
1082 640 1153 704 pcr-

143 707 296 789 suaserit,
328 711 365 772 ut
395 728 512 772 nomen
541 727 634 771 suum
662 727 702 770 ex
728 705 945 770 instrumento
977 710 1056 790 puta
1088 729 1153 772 ern·

143 796 265 880 ptionis
290 795 428 880 tolleret,
451 845 481 860 ..
504 795 592 860 Mela
616 794 745 882 scripsit
835 793 915 858 furti
938 795 1108 880 agendum.

444 989 491 1047 De
512 990 618 1048 damno
640 990 754 1048 lotario
776 989 852 1048 doto.

233 1107 286 1173 29.
318 1105 357 1172 D.
373 1107 402 1190 9,
416 1108 446 1190 2,
462 1107 501 1171 11
536 1131 561 1172 r.
602 1106 762 1192 Ulpianus
785 1107 868 1170 libro
892 1110 1006 1172 octavo
1030 1104 1154 1171 decimo

144 1195 184 1260 ad
207 1196 348 1261 edictum
371 1193 421 1282 (P.
436 1130 539 1282 614⁰l.
558 1232 601 1242 —
621 1245 650 1262 ..
668 1196 755 1260 Mela
778 1196 905 1274 scribit,
929 1197 970 1276 si,
993 1216 1066 1259 oum
1089 1194 1155 1297 pila

147 1285 278 1369 quidam
305 1283 464 1370 luderent,
495 1284 718 1350 uehementius
746 1286 820 1369 quis
847 1285 914 1368 pila
941 1303 1095 1368 percussa
1121 1306 1154 1348 1n

146 1375 289 1439 tonsoris
313 1395 428 1438 manus
451 1395 520 1438 eam
541 1373 692 1438 deiecerit
710 1378 742 1438 et
761 1375 806 1439 sic
825 1372 910 1438 servi
929 1394 1025 1457 quem
1042 1375 1155 1437 tonsor

145 1461 297 1540 habebat,
321 1463 398 1548 gula
421 1463 464 1528 sit
486 1463 632 1546 praecisa
656 1461 780 1528 adiecto
801 1461 942 1546 cultello,
965 1462 999 1526 in
1018 1483 1155 1546 quocun·

3 1609 5 1620 ,
78 1583 80 1588 ’
147 1572 208 1636 que
232 1572 343 1615 eorum
367 1551 461 1635 culpa
486 1551 543 1634 sit,
566 1573 639 1616 eum
662 1551 734 1636 lege
759 1551 891 1637 Aquilia
913 1549 1025 1616 teucri.
1087 1571 1093 1580 “

553 1743 601 1802 De
622 1744 744 1804 iniuria.

235 1863 288 1930 30.
324 1861 362 1927 D.
381 1863 434 1944 47,
453 1862 504 1946 10,
524 1861 576 1946 15,
593 1861 645 1926 45.
696 1860 858 1948 Ulpianus
890 1861 974 1926 libro
1006 1860 1157 1942 quinqua-

147 1952 294 2039 gensimo
324 1951 462 2036 septimo
492 1949 531 2016 ad
560 1951 699 2016 edictum
724 1949 771 2033 (P.
788 1949 899 2034 1359).
923 1987 966 1996 —
989 1948 1157 2016 Interdum

147 2042 267 2109 iniuria
294 2061 386 2105 servo
415 2041 501 2115 facta
528 2040 569 2104 ad
599 2039 765 2104 dominum
794 2039 965 2121 redundat,
995 2037 1157 2104 interdum

147 2155 229 2216 non,
260 2152 337 2195 nam
370 2129 398 2193 si
425 2151 484 2213 pro
512 2129 613 2194 libero
642 2151 675 2194 se
704 2132 870 2214 gerentem
900 2135 956 2192 aut
984 2149 1055 2193 cum
1084 2148 1157 2193 eum

148 2217 282 2285 alterius
310 2218 418 2302 potius
443 2240 539 2302 quam
562 2240 670 2282 meum
695 2218 859 2282 existimat
882 2219 967 2301 quis,
995 2238 1061 2282 non
1085 2239 1157 2284 cae·
1199 2255 1200 2259 =

150 2331 244 2376 surus
272 2329 358 2391 eum,
386 2308 414 2371 si
441 2329 547 2371 meum
576 2307 705 2388 scisset,
732 2328 797 2371 non
826 2328 922 2390 posse
950 2327 1036 2383 eum,
1065 2307 1158 2394 quasi

150 2397 404 2464 m1h11nruriam
427 2395 550 2476 fecerit,
574 2397 620 2459 sic
643 2394 807 2459 conveniri
829 2394 916 2459 Mela
938 2394 1060 2459 scribit.

238 2486 290 2554 31.
331 2484 371 2548 D.
389 2485 442 2568 47,
463 2486 513 2568 10,
533 2485 583 2566 17,
603 2485 633 2548 2.
687 2481 846 2566 Ulpianus
883 2482 968 2547 libro
1001 2485 1157 2568 quinqua-

149 2577 296 2663 gensimo
329 2575 466 2658 septimo
500 2573 540 2636 ad
572 2572 710 2637 edictum
743 2568 792 2657 (P.
814 2568 938 2658 13591‘).
966 2606 1009 2616 -
1040 2568 1158 2636 Servus

150 2688 240 2731 meus
273 2685 372 2749 opera
405 2661 455 2726 vel
487 2661 629 2746 querella
661 2663 718 2724 tua
750 2659 889 2745 flagellis
922 2679 1033 2724 caesus
1061 2663 1112 2724 est
1139 2681 1159 2724 a

149 2756 344 2840 magistratu
358 2757 479 2816 nostro.
508 2749 595 2814 Mela
609 2752 704 2832 putat
718 2747 856 2814 dandam
872 2747 953 2811 mihi
966 2745 1159 2812 iniuriarum

150 2844 305 2910 adversus
333 2844 380 2924 te,
407 2841 442 2904 in
471 2844 626 2924 quantum
651 2838 692 2902 ob
716 2859 787 2902 eam
811 2858 876 2901 rem
901 2858 1038 2922 aequum
1061 2835 1160 2901 iudici

147 2931 319 2999 videbitur.

396 3075 435 3135 II.
462 3075 514 3134 Ad
539 3075 696 3134 edictum
718 3074 911 3151 praetoris.

241 3202 318 3274 Quin
354 3199 466 3260 Fabius
505 3199 586 3259 Mela
626 3200 717 3258 etiam
763 3199 801 3258 ad
841 3198 972 3257 edictum
1013 3195 1160 3273 praetoris

152 3292 315 3370 scripserit,
339 3288 473 3349 dubitari
494 3308 554 3349 non
577 3291 686 3364 potest.
727 3306 803 3364 quae
827 3287 915 3346 huius
939 3287 998 3347 loci
1020 3283 1167 3346 ridentur-

151 3400 231 3458 esss,
261 3379 373 3440 Iuliani
405 3377 496 3441 edicti
528 3376 662 3436 ordinem
693 3378 814 3436 secutus
845 3394 991 3453 propono,
1024 3375 1161 3454 quamvis

151 3471 299 3530 incertum
324 3467 373 3540 sit,
395 3486 468 3526 num
489 3466 538 3525 hic
562 3465 633 3525 ordo
657 3465 736 3524 idem
760 3464 799 3524 sit
822 3468 912 3544 atque
933 3465 1067 3540 priorum
1084 3467 1160 3524 tem·

150 3578 259 3638 porum
282 3556 381 3617 edicti.
