2506 3880
161 155 225 220 144
261 156 281 210 Ι.
306 153 460 209 AETATIS
479 153 641 210 AUGUSTI
659 154 706 210 ET
724 152 862 209 TIBERII
878 152 974 209 IURIS
994 152 1181 209 CONSULTI

160 323 193 383 et
218 317 366 384 (laelium
399 317 578 402 quaeritur,
611 317 640 382 si
673 318 745 402 quis
775 317 808 382 in
836 317 962 402 asylum
991 315 1181 401 confugerit
1222 289 1226 298 ,

160 410 217 472 aut
245 429 283 472 eo
313 428 347 471 se
370 406 529 488 conferat,
557 428 620 492 quo
647 407 754 471 solent
778 406 887 471 venire
909 405 964 490 qui
987 427 1021 470 se
1045 406 1179 472 venales

159 496 339 581 postulant,
364 516 405 560 an
428 495 586 580 fugitivus
611 496 661 560 sit.

251 585 279 650 7.
308 583 347 648 D.
366 584 442 649 ibid.
464 586 484 665 ἕ
504 583 555 650 15.
578 621 620 632 -
644 584 740 669 Apud
764 581 909 650 Caelium
933 582 1089 666 seriptum
1112 587 1180 649 est:

160 673 271 738 liberti
294 673 380 759 apud
403 676 577 758 patronum
595 672 774 738 habitantis
795 672 849 756 sio,
869 674 906 736 ut
924 672 983 736 sub
1001 694 1067 736 una
1085 672 1179 738 clave

161 766 233 828 tota
256 763 324 826 eius
347 761 506 827 habitatio
531 765 629 845 esset,
652 781 762 826 servus
786 781 824 824 ea
847 763 968 843 mente,
991 781 1032 826 no
1054 760 1180 828 rediret

161 850 202 916 ad
221 872 303 936 enm,
321 854 412 916 extra
429 851 667 915 habitationem
685 849 794 914 liberti
812 848 886 933 fuit,
904 850 960 914 sed
978 850 1066 915 intra
1080 850 1179 915 aedes

161 941 304 1025 patroni,
331 945 365 1006 et
392 943 463 1005 tota
487 942 583 1005 noete
605 939 754 1004 oblituit:
780 938 884 1004 rideri
906 959 977 1004 esse
999 937 1180 1024 fugitivum

161 1027 289 1094 (laelius
322 1029 377 1094 ait.
426 1029 523 1112 plane
556 1028 583 1092 si
612 1028 712 1092 talem
741 1027 921 1092 custodiam
949 1048 987 1092 ea
1014 1027 1179 1094 habitatio

160 1139 227 1183 non
249 1118 364 1183 habuit
386 1121 418 1181 et
440 1117 474 1181 in
498 1139 536 1182 ea
559 1117 642 1182 cella
665 1116 801 1181 libertus
825 1114 994 1200 habitavit,
1017 1116 1067 1180 eui
1091 1137 1179 1181 oom-

162 1227 257 1272 mune
276 1211 310 1272 et
327 1206 546 1290 promiscuum
566 1206 706 1290 plurium
725 1205 881 1270 cellarum
899 1205 961 1269 iter
979 1209 1039 1290 est,
1061 1208 1180 1271 eontra

161 1296 290 1381 plaeere
314 1295 430 1360 debere
454 1293 583 1360 (laelius
605 1295 653 1359 ait
675 1300 709 1360 et
730 1293 838 1359 Labeo
862 1293 989 1378 probat.

339 1443 383 1498 Dr
400 1443 580 1498 redhibitoria
598 1443 704 1498 actione
721 1448 747 1498 et
763 1443 863 1512 quanti
880 1443 1003 1497 minoris.

252 1535 281 1599 8.
308 1533 348 1600 D.
372 1535 424 1613 21,
445 1535 533 1617 1,v47
549 1556 597 1619 pr.
654 1532 773 1598 Paulus
810 1533 894 1598 libro
931 1531 1099 1598 undecimo
1137 1534 1181 1598 ad

163 1620 317 1687 Sabinum
349 1619 399 1710 (P.
420 1621 528 1708 1832).
556 1659 599 1670 -
628 1620 662 1688 si
693 1622 858 1687 hominem
891 1625 1035 1706 emptum
1066 1643 1181 1687 manu·

163 1711 291 1791 misisti,
322 1715 355 1775 et
382 1712 626 1776 redhibitoriam
655 1714 687 1775 et
714 1711 827 1796 quanti
854 1711 989 1776 minoris
1017 1711 1180 1796 denegan-

164 1799 237 1872 dam
261 1800 322 1864 tibi
344 1799 455 1865 Labeo
479 1801 538 1883 ait,
562 1800 647 1865 siout
670 1799 787 1883 duplae
811 1801 895 1865 aetio
919 1799 1046 1884 periret.

253 1889 283 1954 9.
301 1888 341 1952 Ι).
355 1889 409 1974 21,
419 1889 448 1970 1,
458 1890 501 1955 64
510 1912 557 1974 pr.
586 1887 784 1973 Pomponius
799 1888 883 1954 libro
898 1888 1037 1974 septimo
1052 1888 1179 1954 decimo

163 1975 390 2059 Epistularum
414 1977 464 2064 (P.
480 1976 568 2065 207).
593 1977 764 2042 -Labeo
788 1977 910 2060 scribit,
933 1977 961 2042 si
984 1999 1048 2045 uno
1071 1977 1179 2062 pretio

164 2066 272 2148 plures
297 2087 405 2130 servos
429 2066 537 2130 emisti
561 2069 594 2131 et
616 2066 655 2130 de
677 2087 743 2130 uno
766 2087 862 2150 agere
880 2066 970 2150 velis,
993 2065 1181 2131 interaesti-

165 2153 341 2217 mationem
379 2176 544 2219 servorum
576 2152 710 2238 proinde
746 2155 815 2219 fieri
847 2154 975 2239 debere,
1012 2157 1109 2239 atque
1140 2159 1181 2219 ut

163 2241 258 2305 fieret
275 2243 310 2305 in
330 2242 588 2308 aestimationem
608 2243 764 2309 bonitatis
785 2243 865 2328 agri,
887 2244 1020 2308 onmob
1040 2244 1181 2308 eviota'm

165 2334 292 2413 partem
315 2330 407 2396 fundi
431 2336 555 2416 agatur.
650 2357 656 2367 ³

256 2419 307 2485 10.
330 2418 460 2485 D.ibid.
474 2420 600 2502 §L—
618 2420 778 2486 Idemt
732 2421 786 2504 ait,
810 2421 838 2486 si
856 2443 920 2486 uno
944 2419 1049 2575 prtetio
1067 2421 1179 2505 plures

168 2528 277 2573 servos
296 2509 467 2574 vendidisti
440 2513 646 2594 tisanosque
665 2531 736 2576 esse
754 2510 985 2595 promisistit
953 2532 985 2574 e
997 2532 1073 2596 pars
1088 2510 1179 2575 dum·

166 2601 259 2662 taxat
286 2619 397 2662 eorum
424 2599 530 2664 minus
558 2621 638 2664 sana
661 2599 717 2680 sit,
747 2599 798 2680 [de
822 2598 988 2684 omnibus]
1012 2598 1179 2664 adversus

167 2685 289 2752 dietum
311 2686 518 2770 promissum'
541 2692 628 2753 reete
651 2688 714 2774 agi

475 2862 522 2920 De
543 2863 678 2922 tumeatis
699 2863 868 2922 dendroides.

255 2959 327 3036 ‘Qui
349 2965 482 3026 iumenta
504 2967 647 3045 vendunt,
669 2967 769 3043 palam
792 2970 873 3026 reete
897 2967 1027 3045 dienato,
1051 2967 1124 3044 quid
1146 2967 1180 3027 in

168 3073 285 3132 quoque
309 3072 410 3113 eorum
433 3055 531 3115 morbi
548 3055 676 3133 vitiique
695 3056 735 3116 sit
754 3099 761 3114 .
778 3102 806 3116 ..
826 3075 902 3135 quae
921 3057 957 3116 de
975 3058 1178 3116 iumentorum

168 3143 299 3203 sanitate
318 3143 457 3222 diximus,
476 3144 512 3203 do
531 3148 631 3205 cetero
650 3163 769 3223 quoque
787 3163 892 3221 peoora
912 3146 994 3205 omni
1006 3139 1179 3206 venditores

166 3225 364 3292 faoiunto'D
337 3232 445 3309 1121,
461 3236 490 3313 1,
505 3235 546 3294 38
557 3254 600 3310 pr
620 3232 685 3311 §5-
721 3233 869 3310 Ulpianus
892 3234 969 3295 libro
992 3235 1121 3294 seeundo
1140 3235 1179 3294 ad

168 3319 299 3380 edietum
322 3321 465 3382 aedilium
488 3323 638 3383 amulium
662 3315 709 3405 (P.
725 3315 834 3404 1792).

259 3422 591 3508 11.Ι121,1,64,2.
635 3424 833 3508 Pomponius
857 3426 940 3490 libro
964 3425 1101 3511 septimo
1126 3424 1179 3490 de-

168 3506 251 3573 oimo
275 3509 372 3594 Epist
358 3473 499 3576 tulatum
523 3475 572 3598 (P.
592 3511 682 3600 207).
704 3550 741 3562 -
813 3515 886 3578 ait
909 3449 1047 3600 (Labeo)
1071 3534 1180 3580 errare
