2506 3880
169 163 232 230 128
269 165 291 220 I.
314 162 471 219 AETATIS
489 161 650 219 AUGUSTI
668 162 716 218 ΕΤ
732 161 869 218 TIBUEII
886 161 983 218 IURIS
1003 161 1168 218 CONSUL'll

170 329 217 393 ita
239 327 365 392 factum
388 325 441 410 sit,
465 328 500 391 ut
519 325 583 390 iter
601 347 713 390 cursus
731 325 875 391 fluminis
893 324 1034 391 deterior
1052 325 1094 391 sit
1109 327 1169 414 liat,

169 417 283 481 tollere
307 415 454 498 demoliri
477 434 618 500 purgare
641 415 812 480 restituere
835 415 896 480 viri
919 414 997 481 boni
1020 415 1171 482 arbitratu

193 504 294 570 ossit'.

169 528 191 590 p
260 593 333 660 180.
357 591 396 657 D.
410 592 521 673 ibide
538 593 579 657 16
598 591 649 678 (Ρ.
664 590 774 680 1513).
792 627 837 638 -
854 591 964 658 Labeo
985 593 1097 659 scribit
1111 616 1173 660 nou

171 703 241 747 esse
261 682 399 746 dandam
419 681 640 765 exceptionem
658 680 696 764 ei,
718 680 774 766 qui
791 680 962 748 interdicto
980 683 1174 748 convenitur:

170 769 240 835 ‘aut
261 771 325 835 nisi
347 772 436 855 ripae
460 769 599 835 tuendae
623 791 721 835 causa
744 769 867 836 factum
891 769 956 854 sit',
983 770 1038 836 aad
1061 771 1106 836 ita
1126 795 1174 837 ex·

81 877 83 881 ’
170 859 354 944 cipiendum
378 859 437 924 ait:
462 859 565 923 ‘extra
588 880 684 944 quam
708 859 736 924 si
757 858 834 943 quid
853 860 899 924 ita
917 859 1039 924 factum
1059 860 1109 943 sit,
1128 862 1175 926 uti

170 947 208 1012 de
231 950 303 1034 lege
325 949 396 1012 fieri
417 947 530 1013 licuit'.

260 1039 332 1104 181.
351 1037 391 1102 D.
404 1036 517 1118 ibid.§
534 1036 574 1101 17
590 1034 638 1122 (Ρ.
656 1035 836 1124 15141-
850 1035 884 1103 si
902 1036 937 1102 in
955 1039 1037 1103 mari
1061 1038 1175 1123 aliquid

170 1127 242 1210 fiat,
268 1123 377 1191 Labeo
410 1129 591 1209 competere
618 1126 684 1191 tsle
710 1125 933 1192 interdictum:
965 1124 1018 1191 ‘ne
1045 1125 1176 1212 quidiu

170 1214 252 1282 mari
285 1215 359 1280 inve
386 1213 495 1280 litore’
528 1212 605 1298 ‘quo
634 1216 762 1300 portus,
795 1215 893 1281 statio
921 1216 1022 1280 iterve
1048 1216 1174 1300 navigio

171 1303 310 1369 deterius
333 1303 413 1368 fiat'.
741 1343 744 1350 ·
1224 1319 1226 1356 ⁴

260 1394 334 1459 182.
356 1392 398 1458 D.
410 1392 523 1473 ibice
540 1392 579 1457 18
605 1390 653 1477 (P.
670 1390 793 1480 15140).
812 1427 855 1440 ·-·-
874 1441 926 1457 ...
945 1393 973 1456 si
996 1392 1175 1458 influmine

169 1480 313 1566 publico,
342 1503 410 1547 non
441 1484 550 1568 tamen
580 1481 759 1566 navigabili
787 1482 858 1568 fiat,
889 1482 974 1546 idem
1001 1485 1096 1567 putat
1122 1478 1177 1569 (sc.

169 1569 304 1655 Labeo).

261 1660 334 1726 183.
362 1657 402 1725 D.
420 1658 497 1723 ibid.
515 1660 535 1740 ξ
550 1659 603 1725 22.
652 1658 812 1743 Ulpianus
843 1658 929 1724 libro
956 1660 1176 1743 sexagensimo
1226 1709 1227 1712 ¹

171 1750 286 1813 octavo
315 1747 356 1814 ad
379 1747 518 1813 edictum
542 1746 592 1832 (P.
612 1745 722 1828 1515).
746 1785 788 1796 -
811 1747 901 1813 Haec
924 1748 1024 1813 verba
1046 1747 1177 1814 ‘factum

169 1836 284 1902 habes'
321 1837 375 1902 vel
415 1836 609 1902 ‘immissum
645 1835 758 1902 habcs’
797 1836 969 1902 ostendunt
1004 1857 1071 1902 non
1109 1858 1177 1902 eum

171 1926 283 2010 teneri,
306 1927 361 2011 qui
381 1926 457 1992 fecit
475 1927 527 1991 vel
544 1924 689 2008 immisit,
712 1926 768 1992 sed
787 1925 843 2011 qui
860 1925 983 1990 factum
1000 1924 1179 1991 immissum

170 2012 280 2078 habet.
326 2014 462 2099 denique
485 2013 594 2080 Labeo
619 2014 746 2098 scribit,
776 2015 804 2080 si
827 2019 940 2081 auctor
961 2017 1038 2080 tuus
1063 2036 1178 2100 aquam

171 2099 377 2186 derivaverit,
403 2109 436 2167 te
458 2100 581 2168 teneri¹
603 2102 664 2168 hoc
687 2102 872 2187 interdicto,
896 2103 924 2168 si
947 2124 985 2168 ea
1008 2107 1046 2168 tu
1068 2103 1180 2170 utaris.

170 2301 216 2361 Nc
238 2304 308 2376 queo
329 2303 361 2362 ior
382 2305 502 2376 (tuamne
518 2303 637 2377 publico
656 2305 792 2376 ...fica
816 2322 870 2378 ooo
894 2305 978 2364 aliter
999 2322 1078 2379 coca
1100 2307 1179 2377 sicot.

262 2419 335 2486 184.
353 2420 460 2507 D.43,
477 2420 572 2507 13,1‚
589 2422 638 2487 13.
674 2421 834 2508 Ulpianus
854 2423 938 2488 libro
957 2423 1179 2508 sexagensimo
1227 2427 1228 2452 l

171 2511 287 2574 octavo
306 2510 347 2574 ad
365 2510 506 2577 edictum
525 2511 573 2597 (P.
591 2507 701 2599 1519).
714 2548 759 2559 -
772 2510 812 2576 In
825 2512 888 2578 hoc
901 2511 1074 2578 interdicto
1087 2510 1180 2576 resti·
1227 2545 1228 2588 (

169 2599 290 2665 tutorio
313 2621 378 2666 non
402 2606 452 2666 est
473 2600 632 2688 iniquum,
660 2606 698 2666 ut
719 2597 830 2666 Labeo
854 2602 916 2684 ait,
942 2603 1052 2666 venire
1074 2601 1180 2681 etiam,
1226 2591 1228 2642 l

170 2688 255 2772 quod
279 2688 354 2754 dolo
376 2690 499 2756 factum
523 2694 573 2756 est
594 2712 658 2776 quo
682 2689 789 2755 minus
811 2689 956 2755 haberes.
1227 2699 1228 2708 ’

357 2889 397 2948 Ut
417 2891 449 2949 tn
470 2893 590 2962 mennae
606 2891 724 2964 publico
746 2891 886 2964 accipere
908 2891 999 2952 licem.

261 3005 333 3073 185.
357 3007 397 3073 D.
414 3006 623 3093 43‚14,1,7.
664 3004 825 3092 Ulpianus
849 3009 933 3076 libro
957 2957 1180 3098 sexagensimo

171 3098 287 3161 octavo
315 3095 355 3160 ad
383 3095 523 3162 edictum
552 3094 601 3184 (Ρ.
622 3093 732 3184 1520).
754 3127 799 3145 -u
822 3098 997 3164 Publicano
1022 3149 1095 3183 ...,
1127 3092 1180 3180 qui

169 3183 276 3249 lacum
303 3184 354 3249 vel
382 3188 533 3269 stagnum
562 3185 730 3270 conduxit,
758 3188 786 3252 si
817 3187 935 3272 piscari
962 3188 1182 3273 prohibeatur,

170 3271 265 3423 ltlssL
286 3272 493 3425 ibnterdictum
533 3280 714 3360 competere
752 3273 891 3342 Sabinus
934 3278 1108 3343 consentit:
1150 3274 1182 3336 et
1227 3371 1228 3374 Ἴ

170 3380 217 3423 1a
268 3382 357 3426 aco.
1227 3397 1228 3408 ,

159 3579 161 3585 ,
243 3536 257 3583 1
280 3531 330 3588 Fr.
350 3536 387 3589 et.
424 3534 452 3589 S.
471 3535 501 3588 te
519 3536 617 3591 teneri.
