2580 3888
421 189 445 239 2.
469 181 651 238 MASURIUS
672 183 824 238 SABINDS
1061 182 1125 245 377

118 353 170 409 tus
206 349 322 409 Mucius
357 351 413 409 ait:
451 351 476 410 si
512 353 599 426 pater
651 351 689 409 ad
719 351 876 410 Vitellium
912 351 956 411 ita
993 351 1126 428 scripsit:

118 438 250 497 familias
269 440 371 499 uxori.
384 439 462 500 ..ita
483 439 598 517 legavit
652 439 730 516 quod
752 440 783 498 in
806 458 863 498 usu
886 441 1126 516 frequentissime

119 522 211 604 ‘quod
244 527 307 586 eins
340 547 430 588 causa
462 532 597 604 emptum
650 530 797 600 versatur,
811 531 846 586 ut
859 528 1011 606 inlegatis
1025 529 1126 590 uxoris

120 617 298 692 paratumve
319 611 418 693 esset’,
427 617 459 675 id
476 617 597 677 videtur
652 617 808 689 adiciatur,
833 611 925 693 ‘quod
949 618 1012 677 eius
1036 637 1128 677 causa

120 705 251 783 legasse,
284 707 364 781 quod
390 706 486 784 magis
514 705 596 765 illius
650 709 791 782 paratum
807 700 868 781 sic?
887 706 963 764 hanc
981 707 1126 784 interpre-

122 813 211 870 quam
231 795 396 855 communis
415 814 488 855 usus
507 813 597 855 causa
651 795 795 854 tationem
850 794 993 870 optinuit,
1048 796 1127 871 quod

119 887 259 960 paratum
282 889 366 944 esset.
650 883 748 960 magis
780 883 883 942 uxoris
916 901 1005 942 causa
1036 903 1127 960 quam

651 971 1130 1048 communispromiscuiqueusus

650 1080 742 1122 cansa
762 1063 904 1136 paratum
926 1056 1012 1120 foret.

163 1203 270 1278 1).24,
292 1207 319 1278 1,
344 1205 383 1265 51
411 1204 593 1280 Pomponius
692 1203 729 1264 Ι).
749 1205 799 1281 32,
819 1203 860 1263 45
889 1201 1036 1278 Ulpianus
1064 1203 1083 1262 l.
1107 1204 1130 1264 l.

53 1292 54 1296 ’
117 1291 195 1351 libro
233 1292 337 1369 quinto
374 1292 411 1351 ad
449 1292 594 1362 Quintum
651 1324 687 1334 —
707 1286 790 1370 (post
810 1291 900 1352 verba
914 1310 1006 1368 supra
1020 1285 1128 1370 allata)

117 1380 262 1440 Mucium.
284 1411 322 1424 -
344 1380 376 1450 Q.
397 1381 514 1440 Mucius
539 1383 593 1440 ait:
648 1400 744 1457 neque
772 1381 915 1440 interesse
945 1380 1044 1440 visum
1073 1384 1129 1454 est,

120 1488 189 1528 oum
202 1469 234 1527 in
252 1469 485 1529 controversiam
504 1469 594 1547 venit,
649 1474 718 1528 ante
733 1469 853 1528 ductam
863 1487 989 1528 uxorem
1001 1470 1032 1528 id
1041 1472 1129 1545 pater

120 1557 200 1615 unde
216 1557 254 1616 ad
272 1557 428 1616 mulierem
443 1558 513 1634 quid
528 1577 594 1633 per·
649 1558 779 1617 familias
797 1558 967 1634 paravisset
985 1577 1023 1617 an
1046 1562 1129 1635 post·

119 1646 244 1723 venerit,
255 1649 286 1705 et
294 1646 395 1708 verius
404 1646 594 1705 ethonestius
650 1666 698 1722 ea,
726 1665 764 1705 an
787 1646 878 1705 etiam
906 1665 940 1704 ex
968 1647 1014 1705 his
1039 1648 1128 1706 rebus

119 1737 165 1794 est
189 1735 268 1811 quod
290 1754 350 1795 non
373 1734 597 1794 demonstratur
650 1735 758 1812 quibus
772 1734 836 1810 ipse
850 1734 898 1794 uti
909 1735 1027 1812 soleret,
1042 1736 1130 1795 uxori

117 1822 595 1900 undehabeatexistimariaviro
650 1823 764 1900 aliquid
794 1823 1025 1900 adsignavisset,
1058 1826 1129 1883 dum

119 1915 175 1972 aut
207 1912 259 1988 qui
290 1912 321 1970 in
353 1914 504 1989 potestate
532 1913 595 1972 eius
649 1913 681 1971 id
707 1911 842 1972 mulieris
875 1911 979 1972 usibus
1009 1913 1130 1990 proprie

120 2004 213 2078 esset,
236 2001 274 2059 ad
298 2020 362 2060 eam
385 2001 564 2078 pervenisse.
649 2001 836 2062 adtributum
860 2003 946 2061 esset.

209 2142 323 2212 Quibus
333 2143 508 2222 fragmentis
518 2144 597 2204 inter
611 2162 642 2204 se
657 2144 836 2220 comparatis
849 2148 973 2220 apparet
983 2144 1129 2204 Sabinum

118 2232 230 2380 ἒὲοἱέιείἒ
264 2231 349 2292 libris
380 2233 491 2294 referre
519 2232 622 2303 Quinti
648 2233 742 2292 Mucii
772 2234 1051 2310 interpretationem
1080 2235 1130 2293 ius

208 2427 244 2485 In
271 2426 359 2486 Pauli
391 2428 429 2487 ad
456 2427 614 2487 Vitellium
645 2428 730 2486 libris
766 2447 918 2504 nunquam
947 2429 981 2499 Q.
1004 2428 1131 2502 Mucius,

120 2533 209 2592 saepe
228 2509 395 2575 ‘Scaevola'
418 2516 560 2574 laudatur
582 2508 632 2594 (D.
652 2517 701 2590 28,
718 2520 746 2591 2,
762 2519 815 2590 19,
841 2518 892 2594 33,
906 2518 936 2594 4,
953 2518 1010 2592 16,
1034 2519 1084 2594 33,
1102 2520 1130 2589 7,

122 2606 222 2682 16,4,
247 2606 298 2681 33,
318 2605 484 2678 7,18,18,
509 2605 560 2679 34,
579 2605 608 2678 2,
625 2605 675 2679 32,
691 2605 717 2662 4.
739 2606 772 2680 7,
797 2607 869 2681 7,1,
890 2607 940 2664 50.
986 2605 1017 2663 Ρ.
1035 2607 1131 2666 2062.

121 2695 217 2754 2067.
242 2695 355 2754 2070“.
380 2684 494 2753 20741.
519 2694 614 2752 2077.
639 2683 755 2773 2082),
788 2694 821 2750 at
845 2692 940 2751 nihilo
968 2693 1066 2751 minus
1094 2713 1131 2752 ex

120 2782 224 2842 Sabini
242 2782 336 2859 libris,
358 2785 395 2840 ut
411 2781 541 2855 videtur,
565 2780 657 2840 etiam
675 2799 723 2840 res
742 2799 761 2840 a
777 2779 876 2840 Mucio
895 2782 1043 2840 tractatae
1062 2782 1131 2840 affe-

118 2874 238 2930 runtur.
284 2870 413 2930 Sabinus
442 2869 520 2929 enim
543 2870 608 2948 ille,
637 2889 725 2947 quem
748 2869 860 2929 Paulus
882 2869 987 2929 laudat
1010 2864 1059 2948 (D.
1080 2871 1132 2946 28,

121 2962 150 3032 3,
167 2962 221 3038 10,
245 2962 296 3037 33,
313 2961 407 3037 7,18,
425 2952 490 3039 12),
513 2959 592 3019 idem
614 2965 668 3034 est,
692 2959 793 3036 quiin
812 2959 897 3018 libris
917 2959 955 3018 ad
974 2958 1131 3017 Vitellium

117 3049 261 3125 disputat

165 3191 201 3249 D.
218 3193 273 3263 28,
289 3193 322 3263 5,
338 3193 389 3263 35,
410 3191 427 3250 3
450 3189 597 3266 Ulpianus
695 3190 732 3250 D.
753 3192 803 3269 33,
825 3193 857 3267 7,
879 3192 933 3269 18,
955 3192 994 3250 12
1019 3189 1131 3249 Paulus

119 3280 198 3339 libro
222 3283 329 3356 quarto
342 3279 597 3355 Disputationum.
652 3278 728 3338 libro
754 3279 883 3339 secundo
907 3279 946 3338 ad
963 3278 1131 3338 Vitellium.

122 3399 161 3410 -
176 3370 275 3428 ...est
287 3368 366 3443 apud
376 3368 510 3427 Mucium
523 3369 598 3426 rela-
656 3397 692 3408 -
702 3366 844 3427 Sabinus:
855 3367 911 3427 Cui
921 3367 1032 3428 fundus
1042 3386 1130 3445 quae·

120 3460 197 3532 tum,
205 3474 271 3515 cum
282 3456 393 3515 fundus
403 3459 469 3516 erat
478 3457 598 3532 legatus
655 3474 712 3532 que
731 3457 772 3515 ibi
796 3457 856 3517 sint
879 3456 981 3534 legata
1006 3461 1129 3517 sunt...

120 3563 261 3603 ...cum
284 3544 331 3603 his
355 3563 431 3621 quae
454 3545 496 3606 ibi
521 3548 598 3604 sunt.
