2506 3880
166 188 231 251 170
267 188 287 242 1.
311 186 463 241 AETATIS
483 185 643 242 AUGUSTI
660 187 707 242 ET
726 185 862 241 TIBERII
880 185 975 241 lURlS
996 187 1191 244 CONSULTI

138 379 140 382 ’
167 355 240 432 Dig„
264 354 357 414 Index
384 357 474 428 auat,
512 354 640 415 sondern
673 354 749 413 auoh
783 373 836 414 aus
869 356 923 414 der
955 354 1093 432 Stellang
1127 356 1190 418 des
1236 389 1239 425 ÷

166 444 344 521 Fragments
367 462 416 502 am
440 443 562 502 Sohluss
586 443 637 502 des
661 437 778 502 Titels.'
1232 500 1239 514 ,

259 532 408 591 Aristonis
435 535 526 610 atque
554 533 628 590 Auli
656 532 693 591 ad
720 531 890 591 Labeonem
916 536 1003 591 notas
1030 531 1190 608 Ulpianus
1232 565 1238 602 2,

167 621 317 697 signifieat
354 621 389 680 D.
415 623 466 700 28,
490 623 519 699 5,
545 625 638 694 17,5
682 615 791 681 ‘Labeo
829 623 936 697 quarto
977 621 1188 696 posteriorum
1233 659 1240 694 ,ν

168 709 301 786 scripsit,
329 728 383 769 neo
405 709 508 769 Aristo
536 710 586 770 vel
608 709 707 769 Aulus
734 711 840 785 utpote
868 709 1023 784 probabile
1050 706 1189 771 notant'.
1236 749 1240 784 2

167 798 233 873 quis
267 799 318 858 ille
349 798 448 858 Aulus
482 799 533 876 sit,
565 798 723 858 nescimus.
772 798 865 857 Lenel
896 798 977 874 apud
1009 797 1187 858 Labeonem

168 889 319 947 231112
348 905 402 963 pro
430 881 551 946 ‘Aulus'
583 885 683 962 potins
717 880 898 947 ‘Iavolenus'
925 877 1045 968 (iavol.)
1077 887 1187 964 legen·
1238 929 1240 946 2

166 975 237 1034 dum
265 994 329 1035 esse
358 978 455 1052 putat.
502 977 606 1034 eontra
632 974 797 1034 Mommsen
824 976 862 1034 ad
889 975 925 1035 D.
942 977 992 1052 29,
1004 977 1032 1052 2,
1045 977 1099 1050 60,
1127 976 1188 1036 nbi
1235 999 1241 1053 -3

166 1064 240 1124 haee
273 1064 417 1140 leguntur
449 1058 620 1125 ‘Iavolenus
654 1063 731 1123 libro
764 1064 860 1140 primo
893 1083 929 1122 ex
960 1063 1186 1141 posterioribus
1236 1107 1241 1146 3

167 1153 316 1213 Labeonis
414 1151 535 1211 Paulus.
586 1154 618 1211 et
646 1151 790 1211 Proculus
818 1152 966 1211 Labeonis
999 1151 1186 1213 sententiam

168 1241 319 1318 improbat
341 1245 372 1300 et
392 1241 424 1300 in
442 1240 576 1301 Iavoleni
596 1240 744 1300 sententia
763 1235 828 1314 est',
848 1260 902 1317 pro
922 1235 1059 1302 ‘Paulus'
1077 1243 1185 1318 potius

168 1325 292 1390 ‘Aulus’
322 1329 412 1389 scribi
438 1330 518 1406 vult,
545 1329 574 1388 id
604 1328 683 1405 quod
706 1329 841 1406 Krueger
863 1350 891 1407 p.
913 1332 975 1390 145
995 1350 1023 1391 n.
1045 1332 1085 1391 33
1109 1350 1184 1407 pro·
1237 1373 1242 1411 3

167 1421 228 1478 bat.
279 1423 312 1479 at
340 1418 432 1478 Lenel
465 1418 544 1494 apud
576 1418 752 1477 Iavolenum
782 1421 844 1479 165
864 1421 931 1479 n.3
965 1419 1009 1478 ait
1036 1413 1185 1480 ‘Paulum
1238 1445 1242 1502 3

167 1509 221 1585 qui
257 1511 288 1567 et
323 1508 388 1584 ipse
424 1507 572 1567 Labeonis
609 1507 734 1583 pithana
772 1508 919 1583 excerpsit
955 1511 985 1566 et
1020 1510 1067 1567 tot
1102 1508 1184 1569 iuris
1238 1553 1242 1590 ,

117 1631 118 1637 .
166 1597 371 1656 consultorum
395 1596 550 1657 adnotavit
574 1615 672 1674 opera,
697 1595 788 1655 etiam
810 1596 887 1655 hano
911 1596 1061 1672 epitomen
1084 1597 1182 1657 adno-
1242 1626 1243 1678 3

166 1688 245 1745 tasse
277 1685 322 1745 nil
353 1689 400 1744 est
431 1686 510 1762 quod
547 1679 709 1745 miremur'.
764 1685 844 1762 quod
878 1685 916 1743 ad
947 1684 1059 1744 Aulum
1090 1685 1185 1747 illum
1227 1735 1242 1764 .,

166 1775 288 1851 attinet,
320 1775 402 1834 Ioers
429 1774 649 1851 Rani-Enoyol.
667 1773 698 1832 H
720 1794 748 1850 p.
770 1775 855 1833 2422
886 1775 985 1832 notat:
1020 1768 1093 1832 ‘Das
1122 1774 1183 1834 Be-

166 1863 294 1940 denken,
327 1864 379 1923 das
408 1863 461 1922 der
488 1863 586 1924 blosse
614 1864 764 1922 Vomame
792 1880 917 1940 erregen
944 1862 1069 1935 lrbnnte,
1101 1863 1182 1925 wird

166 1949 299 2010 daduroh
330 1952 511 2027 verringert,
539 1952 608 2012 dass
636 1951 713 2010 auch
736 1971 773 2010 zu
796 1952 863 2010 dem
885 1951 1184 2012 Ediotskommentar
1243 2029 1244 2032 Ἴ

164 2038 280 2206 {absos
318 2041 383 2098 eine
419 2040 611 2118 Bemerlrung
647 2039 728 2099 eines
760 2038 890 2109 Quintus
925 2039 1099 2099 llberliefert
1136 2041 1181 2102 ist

182 2128 216 2188 D.
231 2131 261 2200 4,
277 2130 306 2203 3,
322 2131 351 2205 7,
368 2131 385 2188 6
404 2123 423 2188 .’

253 2216 319 2275 Iam
341 2120 484 2292 ad)ipsos
502 2214 650 2276 Labeonis
673 2216 765 2276 libros
788 2217 969 2292 posteriores
988 2217 1178 2278 redeundum

165 2307 220 2378 est,
239 2309 275 2364 ut
298 2323 400 2364 eorum
423 2307 563 2363 naturam
587 2307 617 2364 et
640 2304 771 2365 indolem
785 2324 1005 2382 cognoscamus.
1037 2306 1179 2384 Krueger

165 2413 194 2468 p.
211 2396 274 2452 144
301 2394 366 2453 inre
390 2394 489 2452 dooet:
518 2387 583 2452 ‘das
606 2393 701 2451 Werlr
724 2393 839 2453 soheint
862 2394 926 2453 siah
948 2414 1005 2453 nur
1028 2396 1084 2453 mit
1106 2395 1177 2454 dem

165 2482 212 2542 ins
240 2482 328 2544 oivile
355 2482 539 2558 besehdftigt
565 2502 602 2540 zu
629 2481 739 2560 haben,
766 2482 807 2541 ist
835 2483 898 2542 also
926 2483 958 2541 in
987 2483 1084 2543 dieser
1112 2483 1177 2544 Ab·

165 2591 318 2649 grenzung
350 2573 441 2632 sehon
473 2590 532 2631 von
558 2571 659 2631 Labeo
691 2572 736 2630 als
764 2572 945 2651 Erganzung
977 2573 1029 2632 des
1056 2572 1175 2632 Ediots·

165 2659 367 2721 kommentars
405 2661 546 2740 angelegt
661 2653 802 2721 worden'.
858 2661 1007 2721 consentit
1040 2662 1075 2721 A.
1104 2660 1177 2720 Per·

164 2751 230 2810 nice
257 2750 333 2809 176
344 2769 387 2826 sq.
432 2750 526 2808 nihilo
553 2750 652 2809 minus
682 2749 714 2808 in
742 2750 832 2810 dnbio
860 2749 1090 2828 relinquendum
1119 2753 1176 2827 est,

165 2859 237 2897 nam
260 2839 409 2898 Labeonis
437 2839 529 2898 libros
556 2838 736 2914 posteriores
764 2857 832 2897 oum
856 2837 960 2908 Quinti
982 2839 1074 2898 Mucii
1101 2838 1178 2899 iuris

166 2927 262 2988 civilis
286 2927 371 2986 libris
394 2945 566 3003 comparare
589 2927 688 2985 lineat
733 2926 866 3002 Perniee,
890 2928 942 3004 qni
964 2927 1054 2986 lieere
1076 2931 1180 3005 negat,

165 3017 263 3094 operis
294 3016 425 3075 indolem
452 3035 480 3091 p.
502 3018 595 3090 74sq.
646 3016 690 3073 ita
718 3015 860 3090 explieat:
893 3009 952 3074 ‘die
979 3015 1179 3076 fortdanernd

165 3104 379 3165 wiederholten
401 3103 599 3181 Wendangan
626 3103 778 3180 respondi,
811 3104 978 3181 respondit,
1006 3104 1179 3180 quaesitum

165 3197 221 3271 est,
245 3194 295 3266 ait,
319 3196 416 3269 putat,
438 3192 587 3252 Labeonis
611 3209 786 3268 responsum
808 3191 901 3268 probo
924 3213 953 3251 n.
969 3210 991 3254 e.
1005 3213 1042 3253 w.
1065 3193 1179 3254 weisen

241 3282 296 3340 auf
324 3282 389 3340 eine
421 3282 606 3358 Responsen·
640 3280 711 3341 oder
741 3278 1083 3359 Gutaohtensammlung
1114 3282 1178 3344 hin.

165 3368 295 3428 Freilieh
318 3371 390 3430 aber
412 3370 640 3430 untersoheiden
661 3369 724 3428 sioh
743 3369 790 3428 die
809 3369 979 3429 Posteriora
996 3389 1055 3430 von
1074 3370 1179 3431 diesen

165 3454 295 3515 Werken
323 3459 504 3519 wesentlioh.
555 3458 605 3518 sie
632 3457 801 3518 behandeln
828 3458 956 3517 ntmlioh
982 3458 1067 3518 nieht
1093 3459 1179 3521 bloss

33 3617 46 3632 ι
166 3546 406 3620 augenblielrlioh
447 3547 618 3623 pralrtisehe
660 3546 731 3606 oder
766 3567 834 3608 vom
870 3546 969 3606 Autor
1009 3547 1041 3605 in
1077 3549 1180 3609 seiner
