2512 3888
412 204 439 254 2,
460 196 643 252 Maenalus
662 197 815 252 SABINUS
1053 193 1117 260 461

112 368 222 444 probat
236 359 442 447 (attributum
459 356 566 445 dieit').
602 364 751 443 Ulpianus
763 365 841 426 libro
855 365 940 424 XXII
954 357 1000 446 (P.
1017 357 1118 443 2641)

109 457 219 516 Sabini
246 455 336 516 rerba
362 474 430 515 eum
457 454 550 515 refert
574 457 641 514 tum
668 453 829 529 amplificat
856 458 887 513 et
909 453 1048 530 explieat:
1077 447 1120 512 ‘et

115 545 318 604 iumentorum
340 543 453 604 cibaria
473 544 564 620 penui
587 543 785 614 eontinentur,
810 541 862 601 sed
884 561 988 605 eorum
1004 541 1120 601 iumen·

110 635 215 694 torum
246 651 322 710 quae
354 631 458 692 usibus
489 632 585 709 ipsius
616 623 670 714 (66.
692 621 933 712 patrisfamilias)
966 633 1001 690 et
1033 630 1120 689 ami·

112 741 236 782 eorum
260 721 440 782 deserviunt.
477 723 610 781 ueterum
633 720 661 780 si
682 737 742 795 qua
763 720 898 779 iumenta
918 718 1002 795 agris
1021 718 1120 778 deser·
1242 741 1244 746 ·

101 811 236 871 aiebant
257 811 306 870 vel
328 810 513 884 locabantur,
536 810 636 888 legate
659 827 719 868 666
739 808 845 868 cedere
865 807 978 868 eibaria
996 799 1120 867 eurum'.

114 919 188 960 uum
216 901 353 960 extrema
383 898 475 959 verba
502 917 522 958 e
554 897 654 958 Mueio
684 897 782 974 petita
811 896 874 957 siut
907 886 958 977 (et
975 894 992 953 I
1009 915 1038 972 p.
1054 887 1120 977 75),

113 987 240 1048 dubium
261 990 404 1048 remanet

204 1098 270 1163 39?
301 1096 342 1163 Ι).
364 1097 421 1181 33,
444 1099 478 1183 6,
501 1098 579 1183 266.
609 1093 807 1180 Pomponius
840 1095 923 1160 libro
956 1099 1048 1159 sexto
1082 1094 1122 1158 ad

115 1184 272 1252 Sabinum
299 1184 349 1272 (P.
367 1182 456 1273 500).
491 1223 529 1234 -
563 1184 646 1251 Gum
678 1185 734 1249 alii
765 1206 897 1268 penum,
929 1183 986 1249 alii
1011 1182 1123 1248 vinum

116 1276 261 1360 legatum
291 1280 388 1356 esset,
420 1279 553 1358 excepto
581 1274 657 1339 vino
685 1295 780 1338 omne
807 1295 925 1356 penum
954 1271 994 1338 ad
1022 1271 1122 1336 alium

115 1364 310 1448 legatarium
332 1362 491 1447 pertinere
513 1360 676 1446 <Sabinus
699 1361 939 1446 existimarut>

205 1474 241 1533 Iu
263 1473 397 1552 Digestis
419 1474 547 1552 legitur:
573 1467 767 1550 ‘pertinebit',
785 1493 875 1550 quam
895 1492 997 1534 rodem
1019 1471 1123 1530 Tribo-

117 1563 207 1622 61666
231 1562 420 1622 tribuendam
443 1579 507 1622 6666
530 1566 662 1638 apparet.
701 1562 738 1620 ef.
762 1561 796 1620 D.
813 1564 863 1635 33,
880 1564 909 1640 9,
923 1564 986 1640 4,6
1011 1560 1124 1620 Ρ66166

117 1651 194 1711 libro
212 1650 256 1710 IV
279 1651 317 1709 ad
334 1650 481 1711 Sabinum
504 1650 577 1710 dieit
594 1642 640 1732 (P.
658 1642 757 1730 1676)
781 1645 825 1708 ‘si
845 1651 892 1710 eui
909 1667 1005 1726 penus
1022 1650 1125 1725 legata

117 1740 159 1800 sit
188 1743 310 1816 praeter
335 1739 451 1817 viuum,
483 1738 578 1799 omnis
605 1757 699 1814 penus
726 1738 828 1815 legata
853 1738 974 1799 ridetur
1001 1739 1124 1814 excepto

116 1822 206 1890 rine'.

208 1938 261 2003 40.
284 1935 323 2003 Ι).
338 1937 391 2020 33,
404 1938 434 2023 9,
448 1938 479 2020 4,
488 1937 517 2003 2.
540 1936 660 2002 Ρ66166
675 1937 758 2002 libro
777 1940 891 2022 quarto
916 1937 955 2002 ad
971 1935 1125 2002 Sabinum

88 2026 171 2114 (Ρ
195 2026 303 2112 1676).
336 2063 373 2074 -
398 2077 427 2091 ..
456 2026 484 2092 si
511 2027 582 2110 quis
606 2026 723 2091 solitus
746 2025 869 2090 fructus
892 2048 967 2092 6666
991 2025 1125 2090 vendere

118 2138 237 2201 penum
260 2116 430 2203 legaverit,
462 2137 527 2180 666
557 2116 677 2200 omnia,
705 2137 787 2200 quae
814 2119 849 2179 et
873 2113 1044 2199 promercii
1071 2114 1125 2196 <et

120 2205 219 2289 usus>
241 2226 338 2269 eausa
360 2204 484 2288 habuit,
506 2205 632 2296 legasse
654 2205 788 2288 videtur,
811 2203 866 2268 sed
884 2225 923 2269 66
942 2203 1020 2287 6616,
1043 2224 1125 2289 quae

120 2294 155 2357 iu
181 2314 300 2378 penum
324 2293 386 2359 sibi
410 2294 589 2379 separabat.
630 2293 715 2378 quod
734 2293 762 2358 si
779 2293 959 2378 promiscue
978 2291 1027 2356 uti
1046 2293 1125 2357 6616-
1192 2313 1194 2316 ·

118 2381 192 2463 bat,
224 2385 301 2447 6666
328 2387 485 2466 quantum
514 2382 553 2445 ad
582 2403 723 2446 annuum
751 2403 843 2446 usum
871 2381 938 2446 eius
964 2380 1127 2446 sufficeret

120 2469 325 2554 familiaeque
357 2471 424 2534 eius
457 2474 711 2552 ceterorumque,
742 2463 798 2554 qui
830 2469 914 2534 cirea
941 2491 1015 2534 eum
1043 2473 1128 2552 6666,

119 2561 229 2644 legato
259 2559 358 2642 cedet,
385 2559 467 2640 quod
491 2558 563 2640 fere,
589 2558 695 2640 inquit
717 2555 865 2641 Sabinus,
887 2559 1040 2622 eventila
1055 2577 1126 2640 per-

118 2650 204 2714 senis
226 2652 430 2712 mercatorum
452 2651 509 2711 666
529 2646 666 2728 quotieas
683 2645 759 2710 66116
776 2650 820 2710 est
836 2646 895 2710 olei
911 2650 938 2709 et
956 2645 1031 2728 vini,
1049 2666 1127 2727 quaa

119 2739 222 2804 venire
244 2735 445 2820 salutantia
466 2734 629 2800 hereditate
650 2734 766 2799 relicta.

131 2833 134 2842 λ
209 2848 244 2909 D.
266 2850 321 2923 32,
342 2849 435 2923 60‚2
470 2847 598 2906 Alfenus
629 2846 706 2906 libro
734 2844 861 2906 seeundo
888 2843 1084 2922 Digestorum
1111 2863 1130 2903 a

120 2938 216 2998 Paulo
244 2937 481 3014 epitomatorem.
529 2929 623 2995 ‘Lana
649 2935 710 2995 lino
739 2952 873 3012 purpura
899 2933 984 2992 uxori
1011 2932 1129 3010 legatis,

121 3045 199 3105 quae
232 3026 296 3085 eius
326 3044 417 3086 eausa
443 3028 550 3101 parata
577 3027 688 3102 esseut,
720 3042 788 3084 eum
815 3022 943 3082 multam
970 3023 1071 3081 laram
1099 3025 1130 3081 et

123 3115 219 3176 omnis
241 3113 360 3193 generis
382 3113 567 3192 reliquisset,
590 3113 804 3190 quaerebatur,
827 3131 866 3171 au
889 3110 985 3172 omnis
1008 3109 1129 3170 debere·
1247 3191 1248 3194 Ἴ

121 3207 182 3265 tur.
223 3203 386 3282 respoudit,
409 3204 435 3263 si
457 3202 533 3261 uihil
552 3221 588 3261 ex
606 3221 642 3261 ea
659 3201 840 3260 destinasset
857 3200 897 3260 ad
915 3217 1001 3259 usum
1019 3199 1130 3277 uxoris,

122 3293 174 3354 sed
197 3293 292 3352 omnis
320 3292 479 3352 eommixta
501 3293 592 3368 esset,
619 3309 679 3350 666
702 3287 876 3350 dissimilem
899 3307 962 3350 6666
985 3287 1130 3348 delibera·

122 3381 244 3459 tionem,
268 3399 336 3440 eum
358 3399 453 3456 penus
476 3381 577 3456 legata
599 3382 679 3439 esset
697 3383 728 3439 et
745 3379 856 3438 multas
874 3396 922 3438 res
940 3395 1016 3456 quae
1034 3396 1130 3455 penus

124 3473 226 3532 666666
247 3469 432 3548 reliquisset,
459 3468 626 3545 exquibus
649 3470 736 3546 pater
757 3468 888 3529 familias
909 3467 1038 3529 vendere
1062 3467 1130 3527 soli-
1247 3519 1248 3556 ,

125 3561 174 3619 666
201 3560 288 3619 esset.
333 3575 401 3618 uam
431 3558 458 3618 si
480 3557 550 3620 rius
575 3557 743 3619 diffudisset
763 3557 923 3619 habiturus
945 3557 1044 3618 usioni
1065 3557 1131 3634 ipse
1247 3617 1248 3646 ,
