2568 3890
395 237 419 285 7.
441 229 479 288 Μ.
498 230 687 286 ANTISTIUS
705 230 823 286 LABEO
1049 233 1111 296 197

108 396 240 481 gendum
265 394 308 459 sib
329 397 367 458 ub
385 415 456 458 eum
474 393 585 457 liberis
605 394 656 472 sib,
680 393 749 478 sed]
769 394 796 458 si
808 415 885 459 'eam
905 397 1045 460 mentem
1068 398 1114 477 [et

107 485 135 550 id
152 482 369 567 propositum]
387 482 515 567 habeat,
533 504 574 547 ne
591 482 691 546 filium
712 505 731 546 a
751 486 852 547 semet
870 483 1015 549 dimittet
1033 507 1113 550 neve

107 596 158 658 per
181 595 253 636 eam
278 574 350 655 stet,
374 593 436 654 quo
460 571 566 635 minus
591 593 663 635 eum
687 593 725 636 ea
747 571 834 636 filius
858 571 1016 638 educetur.

189 681 234 743 cf.
253 683 269 742 I
291 703 320 759 p.
335 684 400 742 394
411 701 453 759 sq.

191 785 244 850 73.
267 782 533 868 D.33‚1,17pr.
575 781 685 848 Labeo
709 784 792 847 libro
817 785 954 849 seeundo
978 787 1114 869 posteri-

107 897 193 940 orum
224 896 243 937 a
270 871 423 938 Iauoleno
456 874 714 956 epitomatorem.
738 872 961 957 -Legatum
990 875 1037 938 iba
1065 881 1114 940 est

107 963 235 1045 ‘Auiaa
259 961 360 1027 donee
382 960 494 1045 nubat,
518 962 753 1046 quinquaginta
775 961 910 1026 damnas
933 966 1002 1028 esbo
1020 963 1113 1028 heres

105 1075 190 1118 meus
216 1049 303 1114 dure'
328 1071 430 1134 neque
455 1049 652 1133 adscriptum
677 1055 726 1114 est
750 1049 794 1114 ‘in
819 1072 921 1116 annos
947 1051 1112 1136 singulos'.
1152 1125 1154 1127 ,

105 1141 209 1206 Labeo
235 1139 406 1204 Trebatius
429 1159 582 1222 praesens
606 1138 749 1222 legatum
771 1139 878 1203 deberi
902 1143 1004 1222 pubab.

462 1321 508 1380 De
524 1323 638 1394 ueeub'o
662 1323 759 1396 leuato.

190 1432 245 1496 74.
268 1430 306 1495 D.
326 1431 378 1515 33,
393 1431 421 1510 8,
436 1432 480 1497 22
489 1453 535 1513 pr.
577 1429 685 1495 Labeo
709 1432 792 1495 libro
817 1431 956 1496 seeundo
980 1433 1113 1515 posteri·

105 1543 193 1585 orum
224 1542 244 1583 a
271 1518 424 1584 Iauoleno
455 1521 711 1602 epitomatorum.
739 1556 783 1566 -
810 1519 966 1585 Domiuus
993 1541 1114 1586 subura

104 1613 279 1674 testamento
314 1610 541 1674 ruuuurur'serat
573 1614 603 1672 et
632 1610 661 1672 ed
689 1610 847 1691 peculium
884 1611 1050 1692 leuauerat:
1087 1613 1115 1676 r's

103 1718 207 1764 subus
226 1698 311 1762 mille
328 1718 470 1762 nummos
487 1699 611 1762 domiuo
629 1698 772 1762 debuerat
788 1703 817 1762 et
833 1719 882 1762 eos
899 1699 1001 1764 berede'
1018 1701 1114 1764 satuit.

104 1788 247 1870 respondi
274 1807 377 1851 omues
409 1807 460 1851 eas
487 1783 706 1872 (peculiaresd)
733 1807 781 1851 res
812 1787 911 1851 deberi
938 1790 1055 1872 uerna,
1087 1790 1116 1853 si

99 1879 267 1958 peeuutaru
289 1877 411 1940 metuas
433 1895 527 1957 quara
549 1875 691 1940 debuerat
712 1876 856 1940 soluu'sset.

193 1965 245 2030 75.
269 1962 310 2027 D.
327 1965 402 2028 ibid.
423 1966 443 2044 ξ
464 1964 491 2027 1.
515 2001 558 2009 -
581 1963 738 2029 Dominus
760 1985 890 2049 seruum,
912 1968 966 2047 qut
989 1987 1058 2031 eum
1080 1987 1113 2031 eo

103 2055 256 2118 eduardum
287 2073 476 2118 communem
509 2053 648 2137 babebat,
685 2058 858 2119 testamento
890 2058 1116 2121 manumiserat

103 2149 129 2206 et
153 2143 315 2224 peeutr'ruu
346 2143 374 2205 ed
406 2143 569 2225 deuoueret,
601 2143 708 2208 deiude
733 2144 837 2228 desum
864 2145 1030 2231 uicarium,
1061 2147 1116 2228 qut

103 2232 374 2320 commeruerat,
401 2232 587 2295 uomduatr'ur
610 2236 639 2296 et
660 2233 721 2314 r'psd
743 2237 772 2297 et
794 2233 917 2298 libertae
938 2255 1013 2300 suae
1036 2236 1115 2318 brya-

103 2327 195 2386 uerat.
228 2321 371 2401 respondi
384 2325 506 2401 partera
521 2324 666 2401 qurartam
681 2322 814 2405 libertae,
831 2323 1115 2407 reliquampartem

103 2407 287 2492 [quartam]
311 2409 409 2472 liberti
428 2409 583 2492 futuram,
606 2412 687 2491 quod
708 2415 737 2474 et
761 2411 929 2477 Trebatius.

428 2591 475 2649 De
497 2609 553 2650 usu
575 2594 673 2662 fructu
696 2593 795 2663 leuato.

193 2702 245 2766 76.
269 2699 306 2764 Ι).
331 2701 387 2784 33,
402 2700 502 2787 2‚31.
553 2699 660 2763 Labeo
694 2698 778 2763 libro
811 2699 949 2764 seeundo
978 2703 1115 2782 posteri-

101 2812 196 2856 orum
230 2811 250 2853 a
280 2788 433 2854 Iauoleno
465 2788 724 2871 epitomatorum.
758 2823 801 2834 -
831 2787 868 2853 Is
897 2789 952 2870 qui
980 2788 1115 2868 fundura

101 2883 201 2944 burm
232 2898 422 2944 eommururu
453 2877 592 2954 babebat,
623 2877 877 2958 usumfructum
903 2877 998 2958 fraudi
1024 2879 1116 2941 urorr‘

100 2968 273 3052 deuoueret·
294 2972 369 3050 post
392 2972 519 3032 mortem
546 2968 614 3032 etus
641 2971 736 3033 teeuru
758 2967 842 3033 heres
865 2968 1018 3032 arbitrum
1039 2985 1116 3030 eoru-

101 3059 196 3122 muuu‘
218 3057 387 3122 dabiduudo
402 3057 543 3139 petierat.
580 3057 715 3122 Blaesus
734 3059 782 3121 adt
800 3057 978 3122 Trebatduru
996 3075 1116 3134 respou-

100 3147 200 3228 disse,
222 3146 252 3210 su'
273 3145 387 3210 arbiter
409 3146 496 3210 eerb's
518 3145 692 3228 reyiour'bus
710 3145 846 3226 fuudum
868 3147 1029 3229 dbuistsset,
1052 3144 1117 3208 edus

93 3236 217 3319 porres,
246 3255 323 3316 quae
350 3234 405 3299 tibi
432 3234 581 3316 obtdaerr't,
607 3253 700 3298 uuum
719 3235 858 3314 fructura
880 3235 1005 3298 mulieri
1026 3232 1117 3297 uultu

99 3343 137 3388 eu
159 3328 258 3406 parte
284 3323 396 3406 deberi,
423 3324 476 3388 sed
500 3324 578 3405 edus,
606 3323 687 3403 qrrod
711 3322 813 3386 beredr'
836 3323 997 3406 obdatsset,
1025 3322 1117 3386 tetius

98 3433 198 3478 tuum
228 3411 366 3492 frustum
396 3432 463 3476 earu
495 3411 677 3475 babituram.
727 3432 778 3494 eqo
805 3411 859 3476 boe
883 3411 1002 3494 fabum
1024 3417 1116 3494 puta·

97 3521 179 3566 uam
207 3521 278 3566 eura
304 3507 374 3566 aute
401 3501 553 3565 arbitrum
575 3501 729 3565 commuue
751 3501 917 3566 druiduudo
940 3502 1118 3566 eauiuuetus

63 3583 67 3594 ⁴
93 3611 158 3672 pro
188 3589 323 3655 iudiur‘so
351 3611 387 3656 er
410 3593 501 3676 parte
522 3589 654 3654 dimidia
678 3591 769 3655 totius
789 3591 882 3672 dandi
904 3590 1117 3670 ususfructus
1198 3589 1218 3604 ¹
