2580 3888
168 178 232 243 358
273 178 308 232 Il,
334 175 402 231 TIB.
422 176 498 232 GAIl
521 175 649 232 CLAUD.
667 176 802 234 NERON.
825 177 932 233 ΤΕΜΡ.
955 176 1051 232 luins
1074 175 1179 234 CONS.

169 341 310 425 positam
347 339 428 406 furti
464 340 602 406 faciendi
640 363 737 405 cause
769 339 1034 424 contrectaveris,
1070 340 1181 404 desino

169 428 343 512 possidere.
389 430 444 493 sed
473 431 501 493 si
529 451 599 493 eam
624 432 695 494 loco
718 451 782 494 non
806 429 944 494 moveris
968 432 1000 492 et
1023 428 1182 492 infitiandi

171 517 313 582 animum
333 519 463 602 habeas,
481 518 626 603 plerique
645 524 788 584 veterum
803 523 836 583 et
851 517 988 583 Sabinus
1003 521 1035 580 et
1049 515 1181 582 Cassius

170 606 455 689 ..responderunt
478 629 696 690 possessorem
721 629 771 672 me
795 628 933 691 manere,
957 607 1033 691 quia
1057 605 1180 670 furtum

169 695 239 758 sine
263 697 517 761 contrectatione
541 697 610 761 fieri
633 718 699 762 non
722 700 831 780 potest
852 718 912 761 nec
931 698 1039 761 animo
1058 693 1180 760 furtum

169 784 369 850 admittetur.

125 932 127 938 .
256 882 307 946 22.
331 881 369 946 D.
383 883 436 962 41,
451 883 481 964 3,
496 882 548 948 35.
581 882 726 947 Iulianus
746 883 829 946 libro
848 881 947 946 tertio
967 881 1007 946 ad
1026 879 1179 946 Urseium

165 969 320 1036 Ferocem
343 967 392 1058 (P.
409 968 497 1058 913).
521 1008 563 1018 —
589 970 622 1037 si
646 971 753 1054 homo,
777 971 866 1036 cuius
891 969 1115 1035 ususfructus
1139 970 1181 1034 le·

157 1065 262 1142 ,gatus
291 1064 376 1142 erat,
406 1061 446 1124 ab
473 1060 589 1125 herede
613 1083 789 1144 numquam
812 1081 982 1142 possessus
1006 1059 1180 1144 subreptus

167 1148 298 1230 fuisset,
322 1149 503 1232 quaesitum
526 1154 585 1232 est,
610 1150 686 1232 quia
708 1149 802 1213 heres
825 1147 906 1213 furti
930 1148 1090 1213 actionem
1115 1169 1181 1212 non

168 1237 313 1318 haberet,
336 1259 377 1300 an
401 1239 534 1320 usucapi
557 1239 669 1322 possit.
712 1235 852 1302 Sabinus
871 1237 1038 1320 respondit
1056 1235 1181 1301 nullam

169 1325 237 1390 eius
271 1330 318 1390 rei
350 1327 576 1410 usucapionem
611 1348 690 1406 esse,
730 1329 820 1391 ouius
852 1327 983 1391 nomine
1014 1325 1093 1390 furti
1126 1327 1181 1409 agi

169 1413 283 1498 possit,
306 1433 402 1497 egere
426 1420 533 1479 autem
555 1414 637 1479 furti
656 1438 739 1501 eum,
761 1415 816 1498 qui
835 1414 900 1479 frui
919 1415 1058 1498 deberet,
1076 1436 1181 1498 posse.

545 1616 592 1674 Do
613 1618 807 1676 servitutibus

255 1733 307 1798 23.
335 1733 374 1798 D.
391 1735 556 1818 8,1,4pr.
589 1734 788 1818 Papinianus
812 1734 896 1798 libro
919 1734 1056 1817 septimo
1077 1733 1181 1810 Quae-

165 1822 309 1886 stionum
333 1821 383 1906 (P.
400 1823 489 1908 129).
516 1859 555 1874 —-
579 1822 757 1889 Servitules
785 1824 857 1907 ipso
881 1822 1010 1908 quidem
1032 1821 1101 1886 iure
1124 1845 1182 1888 ne-

165 1931 227 1994 que
247 1933 285 1975 ex
304 1916 450 1996 tempore
468 1933 571 1997 neque
592 1913 632 1976 ad
652 1915 780 1996 tempus
800 1933 901 1996 neque
920 1912 979 1975 sub
994 1909 1181 1976 condicione

165 2020 268 2084 neque
299 2000 339 2063 ad
362 2005 485 2064 certam
509 2001 744 2083 condicionem,
769 2001 859 2065 verbi
883 2000 989 2084 gratia
1012 1999 1181 2084 ‘quamdiu

164 2086 293 2165 volam',
313 2088 467 2153 constitui
483 2094 632 2172 possunt3
653 2089 709 2154 sed
723 2092 833 2153 tamen
853 2089 880 2152 si
895 2088 974 2153 haec
989 2088 1181 2173 adiciantur,

164 2177 250 2258 pacti
274 2177 324 2240 vel
347 2197 404 2258 per
428 2176 495 2241 doli
519 2178 741 2261 exceptionem
765 2182 950 2244 occurretur
973 2181 1088 2242 contre
1110 2179 1180 2260 pla·

165 2265 228 2327 cite
255 2265 443 2329 servitutem
472 2265 661 2349 vindicanti,
693 2266 789 2351 idque
808 2315 816 2331 .
835 2316 842 2330 .
861 2264 1017 2331 Sabinum
1044 2287 1179 2352 respon·

166 2353 251 2416 disse
276 2350 407 2418 Cassius
430 2355 565 2420 rettulit.

252 2451 304 2514 24.
327 2450 366 2516 D.
377 2450 406 2534 8,
420 2451 451 2536 5,
467 2452 517 2517 19.
545 2453 729 2518 Marcianus
748 2453 831 2517 libro
852 2451 963 2536 quinto
981 2451 1182 2538 Regularum

164 2536 214 2625 (P.
229 2536 317 2626 274).
342 2577 384 2586 -
408 2537 441 2604 si
469 2541 508 2606 de
536 2543 699 2607 communi
727 2541 883 2606 servitute
907 2539 978 2625 quis
1003 2542 1084 2606 bene
1109 2543 1181 2625 qui-

165 2629 236 2692 dem
265 2629 372 2693 deberi
400 2631 554 2717 intendit,
582 2633 637 2696 sed
665 2632 773 2716 aliquo
804 2629 899 2694 modo
918 2629 1013 2694 'litem
1037 2630 1184 2713 perdidit

164 2718 258 2802 culpa
290 2740 363 2804 sua,
389 2741 455 2784 non
484 2725 533 2784 est
560 2743 697 2805 aequum
726 2722 788 2784 hoc
815 2718 928 2784 ceteris
952 2718 1070 2783 damno
1095 2740 1184 2803 esse3

164 2807 220 2871 sed
244 2807 271 2872 si
299 2829 357 2891 per
385 2809 595 2874 collusionem
623 2809 720 2873 cessit
751 2809 808 2873 lite
837 2807 1034 2892 adversarie,
1062 2807 1183 2873 ceteris

166 2894 305 2959 dandam
334 2917 403 2960 esse
428 2897 650 2961 actionem'de
674 2896 749 2962 dolo
774 2894 886 2962 Celsus
910 2896 1053 2980 scripsit,
1083 2897 1184 2980 idque

165 2985 212 3048 ait
235 2982 356 3049 Sabino
380 2985 550 3068 placuisse.

255 3091 306 3155 25.
335 3090 374 3155 D.
389 3091 419 3174 8,
434 3091 463 3175 6,
482 3093 531 3156 12.
572 3088 686 3156 Celsus
709 3092 792 3156 libro
811 3091 987 3157 vicensimo
1007 3091 1105 3157 tertio
1125 3091 1186 3156 Di-

165 3183 331 3264 gestorum
356 3176 404 3265 (P.
423 3179 512 3264 199).
536 3215 573 3226 -
600 3179 660 3256 oui
683 3180 817 3245 fundum
842 3180 984 3247 alienum
1007 3181 1186 3247 bonafide

165 3267 252 3351 emit,
276 3267 393 3331 itinere
412 3269 497 3353 quod
517 3269 546 3332 ei
565 3269 665 3333 fundo
686 3270 819 3333 debetur
837 3292 914 3334 usus
935 3273 997 3334 est:
1020 3269 1187 3335 retinetur

165 3355 198 3417 id
221 3356 271 3419 ius
294 3356 430 3439 itineris,
455 3360 552 3442 atque
575 3359 684 3438 etiam,
708 3357 736 3422 si
759 3359 905 3440 precario
930 3362 987 3423 aut
1005 3360 1037 3423 vi
1056 3359 1186 3426 deiecto

166 3442 298 3507 domino
320 3444 481 3529 possidet3
504 3445 622 3511 fundus
647 3447 731 3510 enim
756 3448 895 3530 qualiter
918 3470 952 3512 se
976 3447 1098 3512 habens
1122 3448 1186 3534 ita,

168 3551 241 3594 cum
264 3532 297 3594 in
317 3554 375 3597 suo
395 3533 508 3598 habitu
527 3557 695 3619 possessus
714 3539 773 3620 est,
796 3537 845 3600 ius
867 3558 932 3600 non
951 3537 1102 3620 deperdit,
1125 3558 1188 3602 ne·
