2512 3888
154 191 222 256 490
258 191 290 247 11.
315 188 384 245 ΤΙΒ.
407 188 482 244 GAII
505 188 632 244 CLAUD.
655 187 791 244 NERON.
815 185 922 243 ΤΕΜΡ.
941 187 1037 244 IURlS
1060 187 1156 244 CONS.

450 358 498 417 De
519 359 611 432 faudo
634 362 724 432 aaa
747 358 867 417 vendito.

246 476 298 542 69.
321 476 359 541 1).
376 475 426 558 18,
440 477 470 560 2,
483 478 548 558 4,5
569 475 728 561 Ulpianus
750 477 834 540 libro
857 475 1029 540 vicensimo
1049 478 1159 540 octauo

156 566 196 630 ad
222 562 377 630 Sabinum
401 563 448 651 (P.
463 561 589 650 27081’).
617 601 654 612 —-
676 563 756 631 Cum
780 613 808 630 ..
833 569 910 630 tunc
932 564 1100 629 recedatur
1121 565 1159 628 ab

155 653 328 738 emptione,
346 654 403 718 ubi
421 676 500 736 pure
519 653 728 738 contrahitur,
747 655 796 718 vel
810 658 888 718 tunc
901 674 968 717 non
982 653 1162 738 impleatur,

157 744 214 807 ubi
238 743 297 807 sub
321 742 505 807 condicione
529 743 575 824 fit,
598 764 672 806 oum
696 742 810 806 melior
828 741 973 806 condicio
993 742 1035 805 sit
1053 741 1160 806 allata:

155 831 186 896 si
209 829 310 895 falsus
334 837 461 916 emptor
479 832 640 896 subiectus
660 830 712 913 sit,
730 880 757 898 ..
777 829 889 895 scribit
908 829 1045 894 Sabinus
1066 829 1162 913 priori

156 941 224 984 rem
252 942 322 984 esse
351 924 506 1002 emptam,
535 919 611 1003 quia
638 941 703 983 non
732 919 856 983 videtur
882 919 997 983 melior
1020 917 1160 984 condicio

155 1010 258 1074 allata
280 1029 350 1073 esse
373 1030 438 1072 non
463 1010 619 1072 existente
643 1030 718 1073 vero
742 1012 894 1091 emptore.

247 1098 298 1162 70.
325 1096 365 1161 Ι).
382 1098 432 1180 18,
446 1098 476 1178 2,
490 1097 520 1161 9.
561 1095 720 1182 Ulpianus
743 1096 826 1161 libro
849 1095 1025 1161 vicensimo
1050 1100 1160 1161 octavo

154 1187 197 1252 ed
221 1186 373 1251 Sabinum
397 1183 446 1270 (P.
461 1182 573 1271 2710).
597 1221 639 1232 -
664 1184 804 1250 Sabinus
831 1184 943 1249 scribit
970 1184 1067 1249 licere
1091 1206 1160 1248 ven·

155 1276 256 1342 ditori
279 1275 445 1340 meliorem
464 1275 683 1340 condicionem
702 1274 846 1339 oblatam
865 1273 990 1338 abicere
1009 1274 1160 1358 sequique

156 1365 294 1450 primam
320 1363 413 1446 quasi
435 1363 609 1428 meliorem.

252 1453 301 1517 71.
320 1449 567 1535 D.18‚2,11pr.
594 1450 753 1535 Ulpianus
768 1450 850 1515 libro
860 1449 1036 1516 vicensimo
1051 1453 1162 1515 octavo

157 1542 197 1607 ad
227 1538 382 1605 Sabinum
414 1537 463 1627 (P.
487 1539 612 1625 amr).
642 1577 680 1586 -
710 1539 858 1615 Quod..
883 1538 1021 1604 Sabinus
1054 1537 1163 1604 scribit

156 1630 293 1694 fundum
319 1631 354 1693 in
381 1628 466 1693 diem
493 1628 596 1693 addici
623 1651 688 1693 non
716 1649 811 1712 posse
834 1650 959 1709 rursus,
986 1629 1042 1712 qui
1066 1627 1162 1692 semel

157 1719 262 1784 fuerat
293 1719 328 1781 in
361 1717 446 1782 diem
478 1717 637 1798 addictus,
668 1718 794 1781 ratione
827 1717 983 1782 eiusmodi
1013 1715 1165 1797 defendit,

153 1809 232 1892 quic
245 1807 370 1888 prioris,
388 1807 502 1891 inquit,
519 1808 663 1886 emptoris
680 1807 785 1870 statim
802 1807 846 1888 fit,
864 1806 976 1871 scilicet
992 1806 1085 1887 quusi
1102 1825 1164 1870 nou

153 1899 294 1962 cidcctin
323 1896 431 1960 melior
461 1896 595 1960 condicio
622 1894 732 1977 albim,
764 1895 794 1958 si
818 1914 882 1959 uon
908 1913 1009 1960 secure
1036 1895 1165 1959 sccuodo

153 1986 285 2066 emptori
309 1985 428 2065 fundus
454 1983 623 2067 addicitur,
648 1985 701 2049 sed
726 1983 793 2047 aliu
819 1983 947 2048 licitatio
966 1983 1165 2064 prospicite.

246 2074 298 2138 72.
321 2071 360 2136 Ι).
373 2073 449 2136 ibid.
464 2075 483 2152 ξ
500 2071 528 2136 1.
549 2107 587 2118 -
672 2069 811 2136 Sabinus
834 2073 890 2153 ait,
913 2071 941 2136 si
964 2072 1071 2136 tribus
1094 2093 1165 2136 ven·

154 2160 306 2225 dentibus
326 2161 387 2223 duo
409 2160 582 2244 posteriori
600 2159 790 2242 addixerint,
813 2181 895 2224 unus
913 2181 979 2224 non
998 2159 1165 2224 admiserit

155 2249 381 2331 adiectionem,
407 2249 502 2313 huius
531 2252 657 2330 partem
684 2249 798 2334 priori,
826 2248 961 2313 duorum
990 2247 1165 2332 posteriori

154 2341 374 2421 emptam

247 2425 311 2490 731
343 2426 617 2510 1).18,2,14,1.
658 2426 777 2491 Paulus
799 2424 884 2490 libro
908 2426 1020 2509 quinto
1045 2425 1087 2490 ad
1110 2425 1164 2491 Sa-

155 2515 269 2581 binum
293 2511 341 2602 (P.
361 2515 470 2599 1704).
490 2551 532 2562 -
552 2515 628 2580 ..si
654 2520 781 2600 emptor
804 2515 903 2579 alium
926 2537 991 2580 non
1014 2515 1166 2579 idoneum

155 2604 295 2670 subiecit
321 2606 413 2689 eique
436 2605 554 2670 fundus
578 2604 722 2669 addictus
745 2607 808 2687 est,
831 2625 897 2668 non
920 2604 1028 2685 video,
1050 2603 1166 2688 inquit,

156 2692 424 2779 quemadmodum
456 2694 558 2776 priori
585 2694 630 2758 sit
657 2695 797 2777 emptus,
829 2714 901 2757 cum
930 2693 995 2756 alia
1023 2692 1166 2758 venditio

155 2788 189 2848 et
212 2805 288 2849 vera
310 2787 423 2867 postea
446 2784 616 2848 subsecuta
639 2781 690 2846 sit.

244 2894 324 2954 Num
366 2886 486 2969 ‘inquit’
528 2893 563 2952 de
605 2891 712 2951 Sabino
753 2891 868 2952 dictum
907 2892 960 2969 sit,
1000 2893 1168 2970 quaeritur.

156 3003 216 3061 qua
244 2983 281 3043 ds
303 3002 335 3042 re
358 2982 462 3054 Lenel,
492 2999 673 3057 quamquam
697 2980 728 3040 P.
745 2981 813 3041 Sab.
829 2982 869 3042 89
893 2982 938 3040 itu
960 2999 1025 3042 esse
1049 2981 1169 3060 conicit,

155 3073 237 3149 apud
261 3070 389 3131 Paulum
411 3070 487 3130 nihil
504 3072 599 3129 notat

492 3246 538 3306 Dc
560 3249 661 3310 donum
684 3248 829 3322 coaptione.

247 3366 297 3430 74.
316 3365 355 3429 D.
366 3363 555 3450 18,1,5lpr.
589 3365 708 3430 Paulus
722 3366 804 3430 libro
818 3365 933 3450 quinto
948 3365 988 3430 ad
1000 3365 1172 3432 Plautium

156 3448 207 3534 (P.
225 3449 334 3536 1116).
349 3489 392 3498 -
409 3451 546 3517 Domum
566 3454 638 3536 erni,
657 3475 729 3518 cum
748 3475 818 3516 earn
838 3457 871 3518 et
889 3475 950 3538 ego
968 3459 1001 3518 et
1019 3455 1173 3520 uenditor

156 3540 362 3603 combustam
381 3541 611 3624 ignoraremus.
650 3545 754 3605 Nerva
774 3537 914 3606 Sabinus
934 3539 1067 3609 Cassius
1086 3543 1174 3609 nihil
