2550 3888
149 138 193 201 24
228 139 249 193 Ι.
272 135 428 191 AETATIS
450 134 610 191 AUGUSTI
630 134 678 189 ΕΤ
700 127 837 190 TIBERII
859 97 955 190 louis
979 135 1159 206 CONSULTI

148 291 300 365 Romanus
326 306 476 383 uteretur,
499 303 724 380 interpretando
752 304 842 363 etiam
866 303 972 364 Graeci
994 305 1086 364 moris
1112 324 1159 364 rea

148 393 263 453 tionem
290 391 444 470 habuisse,
472 411 540 452 cum
567 412 664 470 neque
690 393 864 470 peregrinos
888 393 989 452 dedita
1012 411 1101 470 opere
1124 413 1160 454 ac

150 481 309 558 diligenter
336 501 354 541 a
381 482 497 542 civibus
519 501 616 559 nsque
639 483 718 542 cives
742 499 760 540 a
781 481 943 559 provinciis
964 484 1159 544 removendos

150 589 215 630 osso
251 574 391 631 censeret.
447 570 528 649 quod
563 590 629 630 cum
662 573 778 648 statuo,
810 571 899 649 longo
931 571 1029 644 abest,
1061 574 1097 631 nt
1126 572 1160 631 in

66 661 69 666 '
150 660 273 719 dubium
297 678 411 734 vocem,
440 659 803 736 quodKarlowa1680
826 662 938 722 monet:
962 654 1073 720 ‘Labeo
1096 680 1160 722 war

149 749 198 807 ein
231 749 332 808 echter
359 749 482 826 Rbmer‚
511 749 564 808 der
595 749 702 826 gewiss
734 748 821 806 nicht*
848 749 1068 827 unrbmiscben,
1100 769 1159 810 von

149 835 392 915 p'eregrinischen
415 837 658 915 Ansobauungen
686 837 894 914 ausgehenden
919 837 1079 897 Reformen
1107 839 1160 899 das

150 926 238 986 Wort
265 927 389 1004 genedet
414 926 511 985 haben
538 917 658 985 wird'.1
703 925 755 985 sed
783 927 931 1002 quomodo
961 927 1036 986 iuris
1063 927 1160 989 civilis

149 1015 291 1075 instituta
313 1015 516 1074 Romanorum
543 1034 625 1074 more
652 1017 771 1073 servato
794 1015 886 1073 etiam
907 1015 939 1074 in
961 1016 1160 1092 provinciales
1265 1035 1267 1058 ·

149 1104 284 1167 homines
302 1103 458 1163 transferri
476 1103 636 1180 potuerint,
655 1104 823 1179 exemplum
836 1103 933 1163 babes
952 1106 983 1162 in
1001 1106 1160 1166 verborum

150 1192 393 1270 obligationibus,
418 1191 454 1250 de
477 1191 587 1269 quibus
610 1193 690 1267 apud
714 1191 821 1251 Gaium
846 1194 875 1270 3,
896 1196 936 1253 92
959 1193 1032 1253 haec
1055 1194 1160 1271 legun·

148 1285 214 1341 tur:
240 1275 362 1342 ‘verbis
375 1279 519 1356 obligatio
542 1281 577 1340 fit
600 1299 636 1339 ex
658 1281 892 1359 interrogatione
917 1286 947 1341 et
968 1284 1160 1358 responsione

110 1371 112 1374 ’
224 1371 276 1430 sed
304 1370 379 1429 haec
406 1369 526 1447 quidem
552 1370 713 1429 verborum
742 1371 885 1447 obligatio
910 1365 992 1430 ‘dari
1014 1372 1161 1447 spondes?

150 1452 298 1535 spondeo'
331 1459 453 1535 propria
484 1458 595 1518 civium
621 1459 824 1518 Romanorum
854 1464 912 1536 est'3
944 1464 1061 1519 ceterae
1088 1480 1160 1522 vero

150 1547 224 1607 iuris
243 1547 378 1625 gentium
398 1550 476 1624 sunt,
499 1548 601 1625 itaque
620 1547 699 1606 inter
718 1565 819 1606 omnes
837 1549 980 1624 homines,
1000 1549 1061 1609 sive
1081 1549 1160 1610 cives

149 1637 299 1695 Romanos
328 1637 390 1695 sive
413 1637 600 1715 peregrinos,
628 1631 750 1696 valent’.
799 1637 856 1695 boo
878 1638 965 1696 modo
989 1638 1160 1699 Labeonem

148 1726 204 1785 ius¹
221 1725 308 1786 civile
332 1744 398 1784 oum
422 1725 595 1801 peregrinis·
613 1724 826 1785 communicari
848 1727 979 1785 voluisse
1002 1730 1085 1802 puto.

237 1815 276 1875 M.
305 1814 417 1873 Sobana
453 1809 518 1873 ‘die
549 1814 747 1892 Analogisten
782 1814 844 1872 und
876 1814 1084 1875 Anomalisten
1117 1816 1158 1874 im

102 1981 104 1984 Ι
149 1904 318 1962 rbmiscben
337 1897 444 1963 Recht'
468 1903 575 1963 Philol.
599 1905 650 1962 42.
664 1903 720 1962 Bd.
744 1893 862 1984 (1883)
885 1924 913 1979 p.
929 1906 1104 1964 309-318
1127 1909 1158 1964 et
1268 1957 1269 1984 ἶ

149 1987 215 2050 ‘die
242 1991 459 2068 Apollodoreer
486 1992 547 2050 und
575 1992 622 2051 die
651 1985 853 2050 Theodoreer'
881 1992 1007 2052 Hermes
1036 1995 1087 2053 25.
1103 1993 1157 2053 Bd.
1268 1995 1269 2040 ἒ

149 2073 266 2160 (1890)
294 2099 323 2155 p.
343 2080 473 2139 36-54
501 2081 573 2138 haec
601 2079 699 2139 docet:
728 2074 797 2139 ‘der
820 2079 987 2158 Gegensatz
1013 2083 1159 2142 zwischen
1268 2081 1269 2092 ’

149 2169 206 2226 den
225 2167 460 2243 Apollodoreern
482 2167 544 2226 nud
567 2167 624 2226 den
643 2167 852 2228 Theodoreern
874 2169 986 2229 beruht
1008 2171 1063 2229 ani
1078 2171 1159 2230 einer

148 2255 323 2315 treibenden
341 2256 419 2334 Ideo,
443 2257 496 2314 der
512 2255 582 2313 Ideo
602 2255 654 2315 der
671 2256 892 2317 Wissenschaft
908 2303 916 2317 .
931 2303 938 2318 .
953 2258 1026 2318 Was
1044 2260 1092 2318 fllr
1110 2259 1158 2318 die

150 2343 338 2404 Grammatik
357 2345 405 2404 die
419 2344 617 2422 Analogisten
636 2344 710 2423 sind,
729 2345 782 2403 das
802 2345 868 2405 sind
886 2347 936 2405 fdr
950 2348 997 2407 die
1011 2349 1159 2408 Rhetorik

92 2483 96 2491 .
149 2433 197 2494 die
214 2433 439 2510 Apollodoreer,
463 2433 510 2492 dio
530 2433 737 2493 Anomalisten
762 2434 815 2493 der
832 2434 979 2495 Rhetorik
1001 2436 1073 2496 aber
1093 2439 1160 2498 sind
1200 2513 1202 2518 Ι

148 2522 196 2582 die
221 2523 417 2583 Theodoreer.
463 2523 516 2581 Ich
543 2523 620 2581 habe
640 2570 646 2582 .
666 2569 673 2582 .
692 2522 819 2601 gezeigt‚
849 2525 918 2583 dass
943 2526 1020 2584 auch
1046 2526 1078 2584 in
1106 2527 1160 2586 der
1268 2551 1269 2564 *

73 2603 94 2686 f
147 2600 361 2689 Jurisprudenz
381 2614 467 2689 J‘ener
486 2610 652 2690 Gcgensatz
674 2632 711 2671 zu
729 2631 853 2699 grossen
871 2613 1019 2689 Kampfen
1037 2617 1177 2692 getilhrt¹
1260 2601 1269 2636 '¹

145 2702 212 2778 hat3
245 2703 321 2762 euch
353 2702 419 2761 hier
448 2702 529 2778 legte
556 2721 626 2760 man
655 2701 717 2760 sich
745 2701 791 2761 die
820 2702 917 2780 Frage
946 2721 1013 2780 vor,
1045 2705 1084 2763 ob
1111 2705 1159 2765 die

146 2790 338 2852 Rechtssatze
357 2792 411 2849 auf
423 2790 780 2867 Naturnotbwendiglrcit
798 2791 932 2849 bernhen
946 2792 1006 2851 und
1021 2792 1051 2850 in
1066 2794 1161 2871 Fulge

220 2941 382 3004 1-Kuntze‚
411 2939 460 3008 qui
485 2939 519 2992 dc
543 2939 700 2993 scholarum
723 2939 850 2995 dissensu
873 2941 985 2996 disserit
1007 2944 1162 3012 (Exkurse’
1268 2979 1269 3002 ;

143 3029 171 3080 p.
186 3014 237 3065 327
248 3012 309 3081 sq.)‚
328 3010 398 3066 dicit
416 3032 422 3065 ι
443 3011 489 3080 „in
501 3010 594 3065 Labeo
608 3009 761 3065 offenbarte
775 3011 833 3066 sich
849 3012 897 3067 der
910 3015 1005 3085 streng
1018 3018 1161 3073 nationale
1268 3009 1269 3084 J

144 3079 249 3138 Geisr‘.
276 3083 350 3151 quod
364 3083 398 3138 de
418 3082 578 3152 principatu
598 3082 638 3147 ait
655 3082 727 3150 „mit
745 3082 836 3136 sciner
851 3082 1064 3158 Begdnstigung
1081 3105 1161 3156 pere·
1267 3087 1269 3114 ⁸

145 3155 239 3222 griner
262 3153 434 3222 Elemente“‚
462 3151 493 3206 id
517 3153 552 3206 ed
575 3152 695 3222 Augusti
714 3153 872 3223 Tiberiique
895 3158 1024 3226 tempora
1045 3160 1161 3215 minime

147 3225 276 3291 quadrat.
314 3225 389 3281 Suet.
408 3226 479 3295 Aug.
498 3230 533 3278 40
556 3225 651 3294 magni
675 3264 703 3280 ..
728 3225 890 3280 existimans
914 3227 1051 3284 sincerum
1074 3235 1161 3299 atque

147 3295 182 3348 ab
201 3297 276 3349 omni
297 3296 453 3351 collusione
471 3295 611 3368 peregrini
683 3294 827 3363 sanguinis
842 3297 1033 3368 incormptum
1049 3318 1161 3357 servare

145 3368 289 3436 populum,
303 3373 332 3422 et
345 3367 489 3422 civitatem
500 3367 656 3438 itomanam
670 3366 833 3436 parcissime
848 3370 926 3423 dedit
940 3409 947 3425 .
959 3411 982 3425 ..
1001 3389 1023 3426 c.
1033 3376 1067 3426 93
1082 3391 1160 3442 pere·
1196 3383 1199 3388 '
1268 3377 1269 3414 ἓ

145 3435 287 3503 grinarum
312 3439 541 3493 caerimoniarum
566 3439 639 3493 sicut
660 3439 769 3492 veterae
794 3454 828 3493 ae
851 3444 1014 3509 praeceptae
1032 3459 1161 3500 reveren·
1268 3443 1269 3452 ’

145 3505 255 3560 tissime
274 3509 374 3579 coluit,
392 3511 435 3565 ita
452 3513 558 3564 ceteras
576 3509 750 3579 contemptui
769 3509 877 3566 babuit.
