2550 3888
117 172 476 230 2.cossn.sssn13us-
495 172 771 228 en'snusn'mn
789 203 824 214 -
841 168 1067 228 muninus
1103 173 1126 237 5

464 395 506 478 4.
534 401 781 475 VERANIUS

202 546 345 606 Fortasse
368 543 564 614 QVeraniue
583 545 755 606 Germanioi
775 547 904 624 legatus,
926 548 980 625 qui
1001 546 1038 606 de
1060 546 1126 606 iure

118 653 199 696 saoro
231 633 325 694 libros
357 635 531 710 oompesuil
583 633 617 705 Q.
644 635 695 696 vel
722 634 752 694 S.
775 635 861 694 Fabii
886 635 1015 696 Pictoris
1040 635 1126 695 libris

119 721 192 800 (lp.
207 715 334 805 loeo)
358 741 434 782 usus
459 724 524 800 ipae
547 743 567 782 a
588 724 696 784 Verrio
718 723 828 783 Flaeeo
850 725 1003 784 adhibitus
1026 727 1074 784 est
1096 727 1128 784 et

119 813 237 890 quidem
250 832 319 872 eum
332 812 466 872 Antistio
481 811 621 873 Labeone
635 804 678 893 (r.
691 804 785 893 infra)
800 813 832 871 in
850 813 988 873 secundis
1006 815 1126 872 mlum

118 903 293 961 lemmatum
314 900 460 976 partibus.
504 921 532 960 v.
556 899 590 962 C.
608 899 642 961 Ο.
659 901 789 961 Mueller
810 922 840 978 p.
858 901 966 960 XXVI.
987 901 1128 960 xxvm

118 990 225 1050 ΧΧἸΧ.
246 990 447 1049 Reitzenstein
459 990 597 1050 Verrian
608 990 822 1069 Forsohungen
836 985 1010 1070 (Breslauer
1022 989 1127 1066 philol

117 1078 364 1156 Abhandlungeu
387 1071 488 1159 1887)
511 1098 540 1154 p.
554 1082 596 1138 47
606 1099 668 1156 sqq.
690 1081 766 1139 haee
782 1079 928 1138 lemmata
949 1097 987 1138 ex
1004 1077 1129 1138 Veranii

117 1168 203 1228 libris
217 1168 377 1244 desumpta
390 1185 455 1227 esse
469 1167 568 1228 docel:
583 1167 719 1228 Ceriales
732 1186 862 1242 mensae,
876 1167 993 1227 Minora
1005 1167 1129 1243 templu

117 1257 247 1318 Menalis
269 1256 351 1334 fona,
376 1256 480 1316 Manes
503 1257 543 1335 di,
565 1257 696 1333 Mensae,
719 1254 850 1335 Oletum,
871 1257 1025 1332 Peremne,
1047 1256 1130 1333 Pele,

119 1346 258 1419 Peounie,
281 1345 407 1423 Referri,
430 1345 616 1423 Religioeus,
639 1345 728 1406 Reus.

410 1567 434 1625 Ι.
465 1567 722 1644 Auspiciorum
745 1567 841 1628 libri.

208 1690 290 1761 Quot
311 1691 381 1750 libri
399 1691 521 1764 fuerinl,
543 1691 692 1750 halitum
709 1710 770 1751 non
788 1695 843 1751 esi.
880 1694 913 1750 al
931 1691 1043 1769 singuli
1060 1711 1129 1767 pro·

120 1780 186 1857 pria
207 1782 388 1858 argumente
408 1781 551 1840 videntur
575 1780 728 1857 habuiss03
755 1799 825 1839 nam
846 1781 873 1838 is
895 1779 1052 1854 laudatur,
1078 1781 1131 1857 qui

120 1873 166 1930 est
189 1863 238 1928 ‘de
256 1863 405 1930 oomiliis'.

527 1966 569 2023 De
587 1966 719 2023 comitiis.

212 2080 240 2141 1.
262 2075 348 2142 Feel.
362 2077 450 2142 289⁸.
467 2114 505 2124 -
521 2077 646 2158 Referri
657 2079 739 2144 diem
745 2079 930 2162 prodiciam,
947 2079 983 2144 id
994 2081 1039 2144 est
1049 2082 1132 2144 ank·

121 2166 212 2250 ferri,
243 2166 419 2248 rehyioaom
446 2171 503 2250 est,
533 2170 571 2230 ut
599 2167 646 2230 ail
667 2166 827 2232 Veranius
853 2169 889 2232 in
917 2189 969 2248 eo,
1001 2165 1056 2252 qui
1083 2169 1133 2230 est

123 2254 340 2338 auspiciorum
376 2255 415 2319 de
447 2256 602 2338 comitiis,
633 2255 729 2341 idque
762 2257 909 2341 exemplo
942 2255 1134 2341 comprobat

123 2343 158 2410 L.
181 2343 244 2408 luli
277 2348 309 2409 el
335 2343 371 2408 P.
394 2343 499 2409 Lieini
529 2366 711 2428 censorum,
748 2346 803 2431 qui
833 2346 866 2410 id
897 2344 1034 2410 fecerint
1061 2343 1130 2408 sine

123 2433 344 2586 fflloteleoreto
368 2454 541 2518 augurum,
569 2438 604 2498 et
632 2434 674 2499 ob
702 2433 735 2499 id
757 2435 898 2499 lustrum
920 2455 1035 2518 perum
1057 2431 1135 2496 felix

161 2543 208 2586 en

464 2625 636 2681 Ioeertoram
654 2626 794 2680 luterum.

215 2735 245 2799 2.
265 2734 351 2801 Fosi,
366 2733 455 2802 348¹).
474 2772 512 2782 -
527 2733 690 2798 Veranius
708 2735 763 2818 ait,
781 2755 849 2799 non
863 2733 974 2818 utique
989 2755 1028 2798 ex
1041 2734 1136 2818 laeto,

125 2823 182 2889 sed
214 2844 253 2888 ex
280 2824 379 2889 cubili
411 2821 469 2912 (se.
493 2843 626 2910 surgere
663 2821 736 2888 eum
769 2822 915 2906 silentio,
947 2823 1002 2908 qui
1030 2823 1135 2909 auspi-

125 2918 256 2977 eelurus
286 2909 358 3000 sit),
390 2935 449 2978 nee
480 2935 592 2978 rursus
624 2934 658 2977 se
690 2913 724 2977 in
752 2911 871 2978 leolum
899 2934 1054 2997 reponere
1082 2935 1135 2978 ne
1161 2975 1163 2982 .

125 3023 215 3067 cesse
239 3023 317 3066 erse.

215 3090 245 3155 3.
276 3089 364 3156 Fesl.
387 3091 475 3156 253⁸.
504 3127 546 3136 -
576 3090 729 3156 Palodote'
755 3092 790 3155 in
817 3091 906 3156 loires
932 3091 1136 3173 amorreum

125 3179 291 3264 aiquifieat,
313 3184 350 3243 ul
369 3180 416 3244 ait
434 3178 605 3263 Veranius,
627 3182 753 3263 armati,
771 3180 884 3245 meti.
921 3179 1031 3244 omnia
1049 3179 1136 3244 enim

124 3268 284 3333 militaria
307 3273 495 3333 ornamenta
516 3268 747 3354 paludamenta
769 3269 841 3332 diei.

216 3357 247 3422 4.
270 3355 354 3423 Veste
379 3357 466 3423 157⁸.
492 3393 530 3404 -
554 3356 685 3421 Minore
706 3357 827 3441 templa
846 3358 930 3421 fiunt
949 3356 990 3421 ab
1009 3357 1137 3442 auguri·

126 3446 197 3530 bus,
220 3468 294 3512 oum
317 3446 390 3511 loca
414 3446 522 3531 aliqua
545 3445 666 3510 tabulis
691 3451 748 3509 aul
769 3445 878 3511 linteis
898 3445 1074 3530 sepiuntur,
1096 3465 1136 3508 ne

126 3556 191 3601 uno
216 3535 356 3620 amplius
380 3536 463 3601 ostio
485 3538 628 3618 pateant,
653 3531 747 3599 cerlis
766 3533 872 3599 verbis
896 3533 1035 3598 definita.
1076 3534 1137 3596 ite·
