<?xml version="1.0" encoding="UTF-8"?>
<!DOCTYPE html PUBLIC "-//W3C//DTD XHTML 1.0 Transitional//EN"
    "http://www.w3.org/TR/xhtml1/DTD/xhtml1-transitional.dtd">
<html xmlns="http://www.w3.org/1999/xhtml" xml:lang="en" lang="en">
 <head>
  <title>
</title>
<meta http-equiv="Content-Type" content="text/html;charset=utf-8" />
  <meta name='ocr-system' content='tesseract 3.04.00' />
  <meta name='ocr-capabilities' content='ocr_page ocr_carea ocr_par ocr_line ocrx_word'/>
</head>
<body>
  <div class='ocr_page' id='page_1' title='image "./iurisprudentiae04bremgoog_0077.png"; bbox 0 0 2550 3888; ppageno 0'>
   <div class='ocr_carea' id='block_1_1' title="bbox 426 127 1203 220">
    <p class='ocr_par' dir='ltr' id='par_1_1' title="bbox 426 127 1203 220">
     <span class='ocr_line' id='line_1_1' title="bbox 426 127 1203 220; baseline 0.012 -8"><span class='ocrx_word' id='word_1_1' title='bbox 426 164 450 213; x_wconf 82' lang='lat' dir='ltr'><strong><em>r.</em></strong></span> <span class='ocrx_word' id='word_1_2' title='bbox 473 157 510 212; x_wconf 82' lang='lat' dir='ltr'><strong><em>n.</em></strong></span> <span class='ocrx_word' id='word_1_3' title='bbox 526 156 719 212; x_wconf 78' lang='lat' dir='ltr'><strong><em>Anrrsnos</em></strong></span> <span class='ocrx_word' id='word_1_4' title='bbox 737 127 857 211; x_wconf 73' lang='lat' dir='ltr'><strong><em>isaac</em></strong></span> <span class='ocrx_word' id='word_1_5' title='bbox 1105 156 1147 220; x_wconf 84' lang='lat'><strong><em>69</em></strong></span> <span class='ocrx_word' id='word_1_6' title='bbox 1200 185 1203 192; x_wconf 64' lang='grc'><strong><em>»</em></strong></span> 
     </span>
    </p>
   </div>
   <div class='ocr_carea' id='block_1_2' title="bbox 505 332 783 424">
    <p class='ocr_par' dir='ltr' id='par_1_2' title="bbox 505 332 783 424">
     <span class='ocr_line' id='line_1_2' title="bbox 505 332 783 424; baseline -0.004 -16"><span class='ocrx_word' id='word_1_7' title='bbox 505 353 549 407; x_wconf 89' lang='lat' dir='ltr'><strong><em>Dc</em></strong></span> <span class='ocrx_word' id='word_1_8' title='bbox 563 332 671 422; x_wconf 75' lang='lat' dir='ltr'><strong><em>pecalio</em></strong></span> <span class='ocrx_word' id='word_1_9' title='bbox 689 354 783 424; x_wconf 64' lang='lat' dir='ltr'><strong><em>leuato.</em></strong></span> 
     </span>
    </p>
   </div>
   <div class='ocr_carea' id='block_1_3' title="bbox 124 461 1204 990">
    <p class='ocr_par' dir='ltr' id='par_1_3' title="bbox 124 461 1204 990">
     <span class='ocr_line' id='line_1_3' title="bbox 124 461 1148 547; baseline -0.003 -19"><span class='ocrx_word' id='word_1_10' title='bbox 124 505 126 510; x_wconf 85' lang='lat'><em>·</em></span> <span class='ocrx_word' id='word_1_11' title='bbox 226 464 277 528; x_wconf 79' lang='lat'><strong><em>17.</em></strong></span> <span class='ocrx_word' id='word_1_12' title='bbox 311 463 350 528; x_wconf 93' lang='lat' dir='ltr'><strong><em>D.</em></strong></span> <span class='ocrx_word' id='word_1_13' title='bbox 365 463 420 547; x_wconf 86' lang='lat'><strong><em>33,</em></strong></span> <span class='ocrx_word' id='word_1_14' title='bbox 436 464 469 542; x_wconf 89' lang='lat'><strong><em>8,</em></strong></span> <span class='ocrx_word' id='word_1_15' title='bbox 484 463 527 526; x_wconf 93' lang='grc'><strong><em>22</em></strong></span> <span class='ocrx_word' id='word_1_16' title='bbox 541 485 587 544; x_wconf 85' lang='lat' dir='ltr'><strong><em>pr.</em></strong></span> <span class='ocrx_word' id='word_1_17' title='bbox 630 461 738 527; x_wconf 84' lang='lat' dir='ltr'>Labeo</span> <span class='ocrx_word' id='word_1_18' title='bbox 766 462 849 526; x_wconf 91' lang='lat' dir='ltr'><strong><em>libro</em></strong></span> <span class='ocrx_word' id='word_1_19' title='bbox 877 462 1017 527; x_wconf 88' lang='lat' dir='ltr'><strong><em>secundo</em></strong></span> <span class='ocrx_word' id='word_1_20' title='bbox 1044 465 1148 546; x_wconf 81' lang='lat' dir='ltr'><strong><em>poste</em></strong></span> 
     </span>
     <span class='ocr_line' id='line_1_4' title="bbox 137 550 1204 638; baseline -0.003 -21"><span class='ocrx_word' id='word_1_21' title='bbox 137 554 263 617; x_wconf 88' lang='lat' dir='ltr'><strong><em>riorum</em></strong></span> <span class='ocrx_word' id='word_1_22' title='bbox 287 575 307 616; x_wconf 92' lang='lat' dir='ltr'><strong><em>a</em></strong></span> <span class='ocrx_word' id='word_1_23' title='bbox 326 552 480 617; x_wconf 79' lang='lat' dir='ltr'><strong><em>Iauoleno</em></strong></span> <span class='ocrx_word' id='word_1_24' title='bbox 503 553 763 634; x_wconf 79' lang='lat' dir='ltr'><strong><em>epitomatorem.</em></strong></span> <span class='ocrx_word' id='word_1_25' title='bbox 790 586 828 596; x_wconf 93' lang='lat'><em>—</em></span> <span class='ocrx_word' id='word_1_26' title='bbox 853 550 1009 616; x_wconf 81' lang='lat' dir='ltr'><strong><em>Dcmc‘mms</em></strong></span> <span class='ocrx_word' id='word_1_27' title='bbox 1029 571 1151 616; x_wconf 66' lang='lat' dir='ltr'><strong><em>mmmm</em></strong></span> <span class='ocrx_word' id='word_1_28' title='bbox 1202 631 1204 638; x_wconf 15' lang='grc' dir='ltr'><em>Α</em></span> 
     </span>
     <span class='ocr_line' id='line_1_5' title="bbox 135 639 1150 722; baseline -0.002 -16"><span class='ocrx_word' id='word_1_29' title='bbox 135 645 314 706; x_wconf 84' lang='lat' dir='ltr'><strong><em>testamento</em></strong></span> <span class='ocrx_word' id='word_1_30' title='bbox 350 640 576 716; x_wconf 74' lang='lat' dir='ltr'><strong><em>manumiserat</em></strong></span> <span class='ocrx_word' id='word_1_31' title='bbox 610 646 639 706; x_wconf 91' lang='lat' dir='ltr'><strong><em>et</em></strong></span> <span class='ocrx_word' id='word_1_32' title='bbox 669 641 697 704; x_wconf 83' lang='lat' dir='ltr'><strong><em>ei</em></strong></span> <span class='ocrx_word' id='word_1_33' title='bbox 723 640 880 722; x_wconf 80' lang='lat' dir='ltr'><strong><em>peculium</em></strong></span> <span class='ocrx_word' id='word_1_34' title='bbox 911 639 1068 722; x_wconf 65' lang='lat' dir='ltr'><strong><em>baereat.</em></strong></span> <span class='ocrx_word' id='word_1_35' title='bbox 1122 641 1150 704; x_wconf 81' lang='lat' dir='ltr'><strong><em>is</em></strong></span> 
     </span>
     <span class='ocr_line' id='line_1_6' title="bbox 133 729 1149 796; baseline -0.005 0"><span class='ocrx_word' id='word_1_36' title='bbox 133 751 242 796; x_wconf 82' lang='lat' dir='ltr'><strong><em>servus</em></strong></span> <span class='ocrx_word' id='word_1_37' title='bbox 259 730 346 794; x_wconf 83' lang='lat' dir='ltr'><strong><em>melle</em></strong></span> <span class='ocrx_word' id='word_1_38' title='bbox 363 749 504 794; x_wconf 83' lang='lat' dir='ltr'><strong><em>mammos</em></strong></span> <span class='ocrx_word' id='word_1_39' title='bbox 522 731 646 794; x_wconf 83' lang='lat' dir='ltr'><strong><em>domimo</em></strong></span> <span class='ocrx_word' id='word_1_40' title='bbox 663 729 806 794; x_wconf 74' lang='lat' dir='ltr'><strong><em>debuerat</em></strong></span> <span class='ocrx_word' id='word_1_41' title='bbox 823 733 851 792; x_wconf 91' lang='lat' dir='ltr'><strong><em>et</em></strong></span> <span class='ocrx_word' id='word_1_42' title='bbox 867 748 916 793; x_wconf 90' lang='lat' dir='ltr'><strong><em>eos</em></strong></span> <span class='ocrx_word' id='word_1_43' title='bbox 933 729 1035 794; x_wconf 80' lang='lat' dir='ltr'><strong><em>heredi</em></strong></span> <span class='ocrx_word' id='word_1_44' title='bbox 1051 730 1149 794; x_wconf 86' lang='lat' dir='ltr'><strong><em>solvit.</em></strong></span> 
     </span>
     <span class='ocr_line' id='line_1_7' title="bbox 133 818 1148 902; baseline 0 -20"><span class='ocrx_word' id='word_1_45' title='bbox 133 820 281 902; x_wconf 75' lang='lat' dir='ltr'><strong><em>respondi</em></strong></span> <span class='ocrx_word' id='word_1_46' title='bbox 299 839 401 883; x_wconf 85' lang='lat' dir='ltr'><strong><em>ommes</em></strong></span> <span class='ocrx_word' id='word_1_47' title='bbox 419 838 471 882; x_wconf 85' lang='lat' dir='ltr'><strong><em>cus</em></strong></span> <span class='ocrx_word' id='word_1_48' title='bbox 489 839 537 882; x_wconf 86' lang='lat' dir='ltr'><strong><em>res</em></strong></span> <span class='ocrx_word' id='word_1_49' title='bbox 554 818 655 883; x_wconf 80' lang='lat' dir='ltr'><strong><em>deberi</em></strong></span> <span class='ocrx_word' id='word_1_50' title='bbox 672 820 784 901; x_wconf 84' lang='lat' dir='ltr'><strong><em>ercino,</em></strong></span> <span class='ocrx_word' id='word_1_51' title='bbox 802 818 831 882; x_wconf 83' lang='lat' dir='ltr'><strong><em>si</em></strong></span> <span class='ocrx_word' id='word_1_52' title='bbox 842 819 1009 900; x_wconf 80' lang='lat' dir='ltr'><strong><em>pecuniam</em></strong></span> <span class='ocrx_word' id='word_1_53' title='bbox 1026 819 1148 882; x_wconf 75' lang='lat' dir='ltr'><strong><em>oreiam</em></strong></span> 
     </span>
     <span class='ocr_line' id='line_1_8' title="bbox 134 907 562 990; baseline -0.002 -18"><span class='ocrx_word' id='word_1_54' title='bbox 134 929 231 990; x_wconf 77' lang='lat' dir='ltr'><strong><em>qaam</em></strong></span> <span class='ocrx_word' id='word_1_55' title='bbox 253 907 398 972; x_wconf 74' lang='lat' dir='ltr'><em>debuerat</em></span> <span class='ocrx_word' id='word_1_56' title='bbox 418 907 562 972; x_wconf 74' lang='lat' dir='ltr'><strong><em>solvisset.</em></strong></span> 
     </span>
    </p>
   </div>
   <div class='ocr_carea' id='block_1_4' title="bbox 257 1071 964 1168">
    <p class='ocr_par' dir='ltr' id='par_1_4' title="bbox 257 1071 964 1168">
     <span class='ocr_line' id='line_1_9' title="bbox 257 1071 964 1168; baseline 0.003 -15"><span class='ocrx_word' id='word_1_57' title='bbox 257 1101 259 1106; x_wconf 84' lang='lat'>&#39;</span> <span class='ocrx_word' id='word_1_58' title='bbox 327 1071 373 1154; x_wconf 88' lang='lat' dir='ltr'><strong><em>De</em></strong></span> <span class='ocrx_word' id='word_1_59' title='bbox 389 1100 485 1166; x_wconf 74' lang='lat' dir='ltr'><strong><em>fructu</em></strong></span> <span class='ocrx_word' id='word_1_60' title='bbox 502 1100 642 1153; x_wconf 80' lang='lat' dir='ltr'><strong><em>hortorum</em></strong></span> <span class='ocrx_word' id='word_1_61' title='bbox 659 1100 852 1154; x_wconf 69' lang='lat' dir='ltr'><strong><em>conclusionem</em></strong></span> <span class='ocrx_word' id='word_1_62' title='bbox 870 1100 964 1168; x_wconf 70' lang='lat' dir='ltr'><strong><em>leuato.</em></strong></span> 
     </span>
    </p>
   </div>
   <div class='ocr_carea' id='block_1_5' title="bbox 4 1207 1231 1913">
    <p class='ocr_par' dir='ltr' id='par_1_5' title="bbox 4 1207 1231 1916">
     <span class='ocr_line' id='line_1_10' title="bbox 106 1207 1152 1293; baseline -0.001 -20"><span class='ocrx_word' id='word_1_63' title='bbox 106 1241 109 1246; x_wconf 95' lang='lat'>·</span> <span class='ocrx_word' id='word_1_64' title='bbox 233 1209 284 1274; x_wconf 88' lang='lat'><strong><em>18.</em></strong></span> <span class='ocrx_word' id='word_1_65' title='bbox 317 1207 356 1272; x_wconf 92' lang='lat' dir='ltr'><strong><em>D.</em></strong></span> <span class='ocrx_word' id='word_1_66' title='bbox 371 1209 423 1291; x_wconf 94' lang='grc'><strong><em>32,</em></strong></span> <span class='ocrx_word' id='word_1_67' title='bbox 437 1209 490 1293; x_wconf 88' lang='grc'><strong><em>30,</em></strong></span> <span class='ocrx_word' id='word_1_68' title='bbox 504 1208 531 1272; x_wconf 96' lang='grc'><strong><em>1.</em></strong></span> <span class='ocrx_word' id='word_1_69' title='bbox 581 1207 689 1272; x_wconf 84' lang='lat' dir='ltr'><strong><em>Labeo</em></strong></span> <span class='ocrx_word' id='word_1_70' title='bbox 717 1208 801 1272; x_wconf 89' lang='lat' dir='ltr'><strong><em>libro</em></strong></span> <span class='ocrx_word' id='word_1_71' title='bbox 829 1209 1152 1293; x_wconf 83' lang='lat' dir='ltr'><strong><em>secundo-posterio-</em></strong></span> 
     </span>
     <span class='ocr_line' id='line_1_11' title="bbox 144 1294 1153 1380; baseline -0.001 -18"><span class='ocrx_word' id='word_1_72' title='bbox 144 1320 216 1362; x_wconf 87' lang='lat' dir='ltr'><strong><em>rum</em></strong></span> <span class='ocrx_word' id='word_1_73' title='bbox 242 1320 261 1362; x_wconf 90' lang='lat' dir='ltr'><strong><em>a</em></strong></span> <span class='ocrx_word' id='word_1_74' title='bbox 284 1294 438 1365; x_wconf 82' lang='lat' dir='ltr'><strong><em>Iavoleno</em></strong></span> <span class='ocrx_word' id='word_1_75' title='bbox 464 1298 724 1380; x_wconf 89' lang='lat' dir='ltr'><strong><em>epitomatorum.</em></strong></span> <span class='ocrx_word' id='word_1_76' title='bbox 746 1333 789 1342; x_wconf 92' lang='lat'><strong><em>-—</em></strong></span> <span class='ocrx_word' id='word_1_77' title='bbox 814 1297 875 1378; x_wconf 75' lang='lat' dir='ltr'><strong><em>Qui</em></strong></span> <span class='ocrx_word' id='word_1_78' title='bbox 896 1297 998 1368; x_wconf 75' lang='lat' dir='ltr'><strong><em>laertes</em></strong></span> <span class='ocrx_word' id='word_1_79' title='bbox 1014 1297 1153 1380; x_wconf 78' lang='lat' dir='ltr'><strong><em>peeblr&#39;cos</em></strong></span> 
     </span>
     <span class='ocr_line' id='line_1_12' title="bbox 54 1385 1153 1468; baseline 0.001 -18"><span class='ocrx_word' id='word_1_80' title='bbox 54 1460 57 1464; x_wconf 41' lang='grc'>,</span> <span class='ocrx_word' id='word_1_81' title='bbox 144 1408 166 1450; x_wconf 85' lang='lat' dir='ltr'><strong><em>a</em></strong></span> <span class='ocrx_word' id='word_1_82' title='bbox 187 1407 221 1452; x_wconf 91' lang='lat' dir='ltr'><strong><em>re</em></strong></span> <span class='ocrx_word' id='word_1_83' title='bbox 238 1386 366 1468; x_wconf 75' lang='lat' dir='ltr'><strong><em>publico</em></strong></span> <span class='ocrx_word' id='word_1_84' title='bbox 387 1387 545 1450; x_wconf 79' lang='lat' dir='ltr'><strong><em>conductos</em></strong></span> <span class='ocrx_word' id='word_1_85' title='bbox 560 1385 700 1468; x_wconf 77' lang='lat' dir='ltr'><strong><em>&#39;babebat</em></strong></span> <span class='ocrx_word' id='word_1_86' title='bbox 729 1406 834 1450; x_wconf 83' lang='lat' dir='ltr'><strong><em>eoram</em></strong></span> <span class='ocrx_word' id='word_1_87' title='bbox 856 1387 1011 1451; x_wconf 76' lang='lat' dir='ltr'><strong><em>horterum</em></strong></span> <span class='ocrx_word' id='word_1_88' title='bbox 1032 1387 1153 1468; x_wconf 83' lang='lat' dir='ltr'><strong><em>fruetus</em></strong></span> 
     </span>
     <span class='ocr_line' id='line_1_13' title="bbox 141 1475 1154 1560; baseline -0.003 -20"><span class='ocrx_word' id='word_1_89' title='bbox 141 1495 237 1558; x_wconf 78' lang='lat' dir='ltr'><strong><em>msqme</em></strong></span> <span class='ocrx_word' id='word_1_90' title='bbox 260 1476 304 1540; x_wconf 88' lang='lat' dir='ltr'><strong><em>cd</em></strong></span> <span class='ocrx_word' id='word_1_91' title='bbox 324 1475 456 1539; x_wconf 79' lang='lat' dir='ltr'><strong><em>lustrum</em></strong></span> <span class='ocrx_word' id='word_1_92' title='bbox 477 1495 536 1556; x_wconf 77' lang='lat' dir='ltr'><strong><em>quo</em></strong></span> <span class='ocrx_word' id='word_1_93' title='bbox 559 1475 696 1538; x_wconf 84' lang='lat' dir='ltr'><strong><em>comdrctc&#39;</em></strong></span> <span class='ocrx_word' id='word_1_94' title='bbox 718 1481 824 1560; x_wconf 80' lang='lat' dir='ltr'><strong><em>essent,</em></strong></span> <span class='ocrx_word' id='word_1_95' title='bbox 852 1475 980 1557; x_wconf 76' lang='lat' dir='ltr'><strong><em>Aufidio</em></strong></span> <span class='ocrx_word' id='word_1_96' title='bbox 1002 1476 1154 1559; x_wconf 69' lang='lat' dir='ltr'><strong><em>beaverat</em></strong></span> 
     </span>
     <span class='ocr_line' id='line_1_14' title="bbox 141 1563 1153 1630; baseline 0 -2"><span class='ocrx_word' id='word_1_97' title='bbox 141 1570 171 1628; x_wconf 91' lang='lat' dir='ltr'><strong><em>et</em></strong></span> <span class='ocrx_word' id='word_1_98' title='bbox 197 1564 335 1628; x_wconf 77' lang='lat' dir='ltr'><strong><em>heredem</em></strong></span> <span class='ocrx_word' id='word_1_99' title='bbox 361 1584 430 1627; x_wconf 85' lang='lat' dir='ltr'><strong><em>eam</em></strong></span> <span class='ocrx_word' id='word_1_100' title='bbox 456 1563 681 1627; x_wconf 78' lang='lat' dir='ltr'><strong><em>conductionem</em></strong></span> <span class='ocrx_word' id='word_1_101' title='bbox 710 1584 815 1628; x_wconf 85' lang='lat' dir='ltr'><strong><em>eorum</em></strong></span> <span class='ocrx_word' id='word_1_102' title='bbox 840 1563 998 1629; x_wconf 78' lang='lat' dir='ltr'><strong><em>hortorum</em></strong></span> <span class='ocrx_word' id='word_1_103' title='bbox 1023 1566 1052 1630; x_wconf 82' lang='lat' dir='ltr'><strong><em>ei</em></strong></span> <span class='ocrx_word' id='word_1_104' title='bbox 1078 1566 1153 1629; x_wconf 89' lang='lat' dir='ltr'><strong><em>darc</em></strong></span> 
     </span>
     <span class='ocr_line' id='line_1_15' title="bbox 138 1652 1231 1734; baseline 0.001 -17"><span class='ocrx_word' id='word_1_105' title='bbox 138 1655 344 1718; x_wconf 84' lang='lat' dir='ltr'><strong><em>damnaverat</em></strong></span> <span class='ocrx_word' id='word_1_106' title='bbox 364 1654 520 1734; x_wconf 79' lang='lat' dir='ltr'><strong><em>sireereqme</em></strong></span> <span class='ocrx_word' id='word_1_107' title='bbox 541 1654 589 1716; x_wconf 83' lang='lat' dir='ltr'><strong><em>ati</em></strong></span> <span class='ocrx_word' id='word_1_108' title='bbox 611 1672 680 1715; x_wconf 86' lang='lat' dir='ltr'><strong><em>eum</em></strong></span> <span class='ocrx_word' id='word_1_109' title='bbox 701 1657 730 1716; x_wconf 90' lang='lat' dir='ltr'><strong><em>et</em></strong></span> <span class='ocrx_word' id='word_1_110' title='bbox 744 1652 822 1733; x_wconf 76' lang='lat' dir='ltr'><strong><em>fresi.</em></strong></span> <span class='ocrx_word' id='word_1_111' title='bbox 857 1655 1000 1734; x_wconf 79' lang='lat' dir='ltr'><strong><em>respondi</em></strong></span> <span class='ocrx_word' id='word_1_112' title='bbox 1014 1653 1153 1718; x_wconf 74' lang='lat' dir='ltr'><strong><em>beatem</em></strong></span> <span class='ocrx_word' id='word_1_113' title='bbox 1228 1699 1231 1706; x_wconf 86' lang='lat'>-</span> 
     </span>
     <span class='ocr_line' id='line_1_16' title="bbox 4 1740 1153 1830; baseline 0 -24"><span class='ocrx_word' id='word_1_114' title='bbox 4 1811 6 1830; x_wconf 50' lang='lat'><strong><em>,</em></strong></span> <span class='ocrx_word' id='word_1_115' title='bbox 137 1743 234 1806; x_wconf 73' lang='lat' dir='ltr'><strong><em>terrem</em></strong></span> <span class='ocrx_word' id='word_1_116' title='bbox 261 1743 362 1806; x_wconf 80' lang='lat' dir='ltr'><strong><em>sicem</em></strong></span> <span class='ocrx_word' id='word_1_117' title='bbox 387 1741 472 1820; x_wconf 63' lang='lat' dir='ltr'><strong><em>frum</em></strong></span> <span class='ocrx_word' id='word_1_118' title='bbox 502 1741 556 1805; x_wconf 82' lang='lat' dir='ltr'><strong><em>boc</em></strong></span> <span class='ocrx_word' id='word_1_119' title='bbox 582 1741 717 1822; x_wconf 79' lang='lat' dir='ltr'><strong><em>amplius</em></strong></span> <span class='ocrx_word' id='word_1_120' title='bbox 739 1740 875 1808; x_wconf 82' lang='lat' dir='ltr'><strong><em>heredem</em></strong></span> <span class='ocrx_word' id='word_1_121' title='bbox 898 1744 1061 1808; x_wconf 80' lang='lat' dir='ltr'><strong><em>mercedem</em></strong></span> <span class='ocrx_word' id='word_1_122' title='bbox 1082 1764 1153 1824; x_wconf 78' lang='lat' dir='ltr'><strong><em>quc-</em></strong></span> 
     </span>
     <span class='ocr_line' id='line_1_17' title="bbox 136 1829 860 1913; baseline -0.001 -18.154"><span class='ocrx_word' id='word_1_123' title='bbox 136 1851 194 1913; x_wconf 80' lang='lat' dir='ltr'><strong><em>qce</em></strong></span> <span class='ocrx_word' id='word_1_124' title='bbox 215 1830 376 1895; x_wconf 70' lang='lat' dir='ltr'><strong><em>bmmrmm</em></strong></span> <span class='ocrx_word' id='word_1_125' title='bbox 398 1829 445 1894; x_wconf 82' lang='lat' dir='ltr'><strong><em>rei</em></strong></span> <span class='ocrx_word' id='word_1_126' title='bbox 457 1830 603 1912; x_wconf 72' lang='lat' dir='ltr'><strong><em>publicae</em></strong></span> <span class='ocrx_word' id='word_1_127' title='bbox 618 1835 860 1912; x_wconf 73' lang='lat' dir='ltr'><strong><em>praestaturum.</em></strong></span> 
     </span>
    </p>
   </div>
   <div class='ocr_carea' id='block_1_6' title="bbox 403 2065 888 2126">
    <p class='ocr_par' dir='ltr' id='par_1_6' title="bbox 403 2065 888 2126">
     <span class='ocr_line' id='line_1_18' title="bbox 403 2065 888 2126; baseline 0.002 -3"><span class='ocrx_word' id='word_1_128' title='bbox 403 2065 450 2124; x_wconf 90' lang='lat' dir='ltr'><strong><em>De</em></strong></span> <span class='ocrx_word' id='word_1_129' title='bbox 473 2066 601 2124; x_wconf 75' lang='lat' dir='ltr'><strong><em>libertate</em></strong></span> <span class='ocrx_word' id='word_1_130' title='bbox 623 2071 787 2125; x_wconf 83' lang='lat' dir='ltr'><strong><em>testamento</em></strong></span> <span class='ocrx_word' id='word_1_131' title='bbox 810 2069 888 2126; x_wconf 83' lang='lat' dir='ltr'><strong><em>dcte.</em></strong></span> 
     </span>
    </p>
   </div>
   <div class='ocr_carea' id='block_1_7' title="bbox 137 2159 1242 2358">
    <p class='ocr_par' dir='ltr' id='par_1_7' title="bbox 137 2159 1242 2358">
     <span class='ocr_line' id='line_1_19' title="bbox 229 2159 1153 2272; baseline 0.004 -23"><span class='ocrx_word' id='word_1_132' title='bbox 229 2185 281 2250; x_wconf 87' lang='lat'><strong><em>19.</em></strong></span> <span class='ocrx_word' id='word_1_133' title='bbox 317 2164 433 2264; x_wconf 72' lang='lat' dir='ltr'><strong><em>D.&#39;4o‚</em></strong></span> <span class='ocrx_word' id='word_1_134' title='bbox 453 2184 486 2267; x_wconf 81' lang='lat' dir='ltr'><strong><em>l,</em></strong></span> <span class='ocrx_word' id='word_1_135' title='bbox 505 2184 563 2268; x_wconf 89' lang='grc'><strong><em>39,</em></strong></span> <span class='ocrx_word' id='word_1_136' title='bbox 580 2185 611 2250; x_wconf 90' lang='grc'><strong><em>4.</em></strong></span> <span class='ocrx_word' id='word_1_137' title='bbox 644 2159 834 2250; x_wconf 85' lang='lat' dir='ltr'><strong><em>‘Iavolenus</em></strong></span> <span class='ocrx_word' id='word_1_138' title='bbox 856 2187 939 2251; x_wconf 90' lang='lat' dir='ltr'><strong><em>libro</em></strong></span> <span class='ocrx_word' id='word_1_139' title='bbox 968 2193 1084 2272; x_wconf 90' lang='lat' dir='ltr'><strong><em>quarto</em></strong></span> <span class='ocrx_word' id='word_1_140' title='bbox 1114 2210 1153 2253; x_wconf 87' lang='lat' dir='ltr'><strong><em>ex</em></strong></span> 
     </span>
     <span class='ocr_line' id='line_1_20' title="bbox 137 2271 1242 2358; baseline 0 -20"><span class='ocrx_word' id='word_1_141' title='bbox 137 2273 375 2358; x_wconf 85' lang='lat' dir='ltr'><strong><em>posterioribus</em></strong></span> <span class='ocrx_word' id='word_1_142' title='bbox 408 2271 579 2339; x_wconf 87' lang='lat' dir='ltr'><strong><em>Labeonis.</em></strong></span> <span class='ocrx_word' id='word_1_143' title='bbox 606 2309 648 2320; x_wconf 91' lang='lat'>-</span> <span class='ocrx_word' id='word_1_144' title='bbox 683 2271 735 2338; x_wconf 71' lang='lat' dir='ltr'><strong><em>‘Si</em></strong></span> <span class='ocrx_word' id='word_1_145' title='bbox 764 2273 894 2340; x_wconf 86' lang='lat' dir='ltr'><strong><em>Stichus</em></strong></span> <span class='ocrx_word' id='word_1_146' title='bbox 922 2277 1033 2342; x_wconf 85' lang='lat' dir='ltr'><strong><em>Attiae</em></strong></span> <span class='ocrx_word' id='word_1_147' title='bbox 1065 2277 1153 2342; x_wconf 88' lang='lat' dir='ltr'><strong><em>mille</em></strong></span> <span class='ocrx_word' id='word_1_148' title='bbox 1238 2331 1242 2338; x_wconf 93' lang='lat'>.</span> 
     </span>
    </p>
   </div>
   <div class='ocr_carea' id='block_1_8' title="bbox 4 2349 1183 2444">
    <p class='ocr_par' dir='ltr' id='par_1_8' title="bbox 4 2349 1183 2444">
     <span class='ocr_line' id='line_1_21' title="bbox 4 2349 1183 2444; baseline 0.006 -20"><span class='ocrx_word' id='word_1_149' title='bbox 4 2349 7 2424; x_wconf 61' lang='lat' dir='ltr'>J</span> <span class='ocrx_word' id='word_1_150' title='bbox 138 2383 290 2427; x_wconf 86' lang='lat' dir='ltr'><strong><em>nummos</em></strong></span> <span class='ocrx_word' id='word_1_151' title='bbox 312 2361 445 2444; x_wconf 83' lang='lat' dir='ltr'><strong><em>dederit,</em></strong></span> <span class='ocrx_word' id='word_1_152' title='bbox 468 2361 552 2426; x_wconf 87' lang='lat' dir='ltr'><strong><em>liber</em></strong></span> <span class='ocrx_word' id='word_1_153' title='bbox 574 2361 666 2428; x_wconf 86' lang='lat' dir='ltr'><strong><em>esto&#39;.</em></strong></span> <span class='ocrx_word' id='word_1_154' title='bbox 707 2363 800 2428; x_wconf 83' lang='lat' dir='ltr'><strong><em>Attia</em></strong></span> <span class='ocrx_word' id='word_1_155' title='bbox 822 2365 897 2428; x_wconf 81' lang='lat' dir='ltr'><strong><em>vivo</em></strong></span> <span class='ocrx_word' id='word_1_156' title='bbox 920 2369 1075 2430; x_wconf 84' lang='lat' dir='ltr'><strong><em>testatore</em></strong></span> <span class='ocrx_word' id='word_1_157' title='bbox 1100 2365 1152 2430; x_wconf 87' lang='lat' dir='ltr'><strong><em>de·</em></strong></span> <span class='ocrx_word' id='word_1_158' title='bbox 1181 2427 1183 2432; x_wconf 82' lang='grc'>,</span> 
     </span>
    </p>
   </div>
   <div class='ocr_carea' id='block_1_9' title="bbox 4 2445 1230 2801">
    <p class='ocr_par' dir='ltr' id='par_1_9' title="bbox 4 2445 1230 2801">
     <span class='ocr_line' id='line_1_22' title="bbox 4 2445 1154 2534; baseline 0.002 -18"><span class='ocrx_word' id='word_1_159' title='bbox 4 2445 6 2522; x_wconf 74' lang='lat' dir='ltr'><strong><em>l</em></strong></span> <span class='ocrx_word' id='word_1_160' title='bbox 138 2453 243 2517; x_wconf 84' lang='lat' dir='ltr'><strong><em>cessit.</em></strong></span> <span class='ocrx_word' id='word_1_161' title='bbox 285 2471 351 2514; x_wconf 90' lang='lat' dir='ltr'><strong><em>non</em></strong></span> <span class='ocrx_word' id='word_1_162' title='bbox 370 2471 467 2534; x_wconf 87' lang='lat' dir='ltr'><strong><em>posse</em></strong></span> <span class='ocrx_word' id='word_1_163' title='bbox 488 2447 635 2523; x_wconf 83' lang='lat' dir='ltr'><strong><em>Stichum</em></strong></span> <span class='ocrx_word' id='word_1_164' title='bbox 657 2451 796 2516; x_wconf 89' lang='lat' dir='ltr'><strong><em>liberum</em></strong></span> <span class='ocrx_word' id='word_1_165' title='bbox 819 2473 889 2517; x_wconf 87' lang='lat' dir='ltr'><strong><em>esse</em></strong></span> <span class='ocrx_word' id='word_1_166' title='bbox 908 2452 1016 2530; x_wconf 83' lang='lat' dir='ltr'><strong><em>Labeo</em></strong></span> <span class='ocrx_word' id='word_1_167' title='bbox 1036 2453 1154 2520; x_wconf 88' lang='lat' dir='ltr'><strong><em>Ofilius</em></strong></span> 
     </span>
     <span class='ocr_line' id='line_1_23' title="bbox 137 2541 1230 2625; baseline -0.001 -21"><span class='ocrx_word' id='word_1_168' title='bbox 137 2541 383 2625; x_wconf 88' lang='lat' dir='ltr'><strong><em>responderunt.</em></strong></span> <span class='ocrx_word' id='word_1_169' title='bbox 1107 2569 1108 2574; x_wconf 42' lang='lat'>¹</span> <span class='ocrx_word' id='word_1_170' title='bbox 1228 2549 1230 2552; x_wconf 82' lang='grc'><strong>’</strong></span> 
     </span>
     <span class='ocr_line' id='line_1_24' title="bbox 226 2626 1154 2714; baseline 0.002 -20"><span class='ocrx_word' id='word_1_171' title='bbox 226 2630 281 2694; x_wconf 89' lang='grc'><strong><em>20.</em></strong></span> <span class='ocrx_word' id='word_1_172' title='bbox 315 2627 356 2693; x_wconf 90' lang='lat' dir='ltr'><strong><em>D.</em></strong></span> <span class='ocrx_word' id='word_1_173' title='bbox 384 2627 462 2692; x_wconf 88' lang='lat' dir='ltr'><strong><em>ibid.</em></strong></span> <span class='ocrx_word' id='word_1_174' title='bbox 485 2630 505 2708; x_wconf 64' lang='grc' dir='ltr'>ξ</span> <span class='ocrx_word' id='word_1_175' title='bbox 528 2629 559 2692; x_wconf 90' lang='grc'><strong><em>2.</em></strong></span> <span class='ocrx_word' id='word_1_176' title='bbox 592 2663 634 2674; x_wconf 93' lang='lat'><em>-</em></span> <span class='ocrx_word' id='word_1_177' title='bbox 667 2626 702 2692; x_wconf 85' lang='lat' dir='ltr'><strong><em>Si</em></strong></span> <span class='ocrx_word' id='word_1_178' title='bbox 732 2627 826 2692; x_wconf 87' lang='lat' dir='ltr'><strong><em>heres</em></strong></span> <span class='ocrx_word' id='word_1_179' title='bbox 859 2649 951 2693; x_wconf 87' lang='lat' dir='ltr'><strong><em>servo</em></strong></span> <span class='ocrx_word' id='word_1_180' title='bbox 983 2632 1154 2714; x_wconf 88' lang='lat' dir='ltr'><strong><em>pecuniam</em></strong></span> 
     </span>
     <span class='ocr_line' id='line_1_25' title="bbox 140 2716 1154 2801; baseline 0.002 -20"><span class='ocrx_word' id='word_1_181' title='bbox 140 2717 180 2782; x_wconf 88' lang='lat' dir='ltr'><strong><em>ad</em></strong></span> <span class='ocrx_word' id='word_1_182' title='bbox 215 2716 449 2800; x_wconf 83' lang='lat' dir='ltr'><strong><em>negotiandum</em></strong></span> <span class='ocrx_word' id='word_1_183' title='bbox 487 2716 643 2801; x_wconf 87' lang='lat' dir='ltr'><strong><em>dedisset,</em></strong></span> <span class='ocrx_word' id='word_1_184' title='bbox 678 2716 904 2781; x_wconf 87' lang='lat' dir='ltr'><strong><em>statuliberum</em></strong></span> <span class='ocrx_word' id='word_1_185' title='bbox 941 2738 1012 2782; x_wconf 88' lang='lat' dir='ltr'><strong><em>eam</em></strong></span> <span class='ocrx_word' id='word_1_186' title='bbox 1049 2718 1154 2801; x_wconf 84' lang='lat' dir='ltr'><strong><em>ipsam</em></strong></span> 
     </span>
    </p>
   </div>
   <div class='ocr_carea' id='block_1_10' title="bbox 4 2805 1153 2890">
    <p class='ocr_par' dir='ltr' id='par_1_10' title="bbox 4 2805 1153 2890">
     <span class='ocr_line' id='line_1_26' title="bbox 4 2805 1153 2890; baseline 0.002 -20"><span class='ocrx_word' id='word_1_187' title='bbox 4 2813 5 2816; x_wconf 75' lang='grc'>’</span> <span class='ocrx_word' id='word_1_188' title='bbox 136 2806 339 2870; x_wconf 89' lang='lat' dir='ltr'><strong><em>numerando</em></strong></span> <span class='ocrx_word' id='word_1_189' title='bbox 371 2805 501 2870; x_wconf 87' lang='lat' dir='ltr'><strong><em>libcrari</em></strong></span> <span class='ocrx_word' id='word_1_190' title='bbox 536 2827 574 2870; x_wconf 86' lang='lat' dir='ltr'><strong><em>cx</em></strong></span> <span class='ocrx_word' id='word_1_191' title='bbox 603 2809 800 2871; x_wconf 88' lang='lat' dir='ltr'><strong><em>testamento</em></strong></span> <span class='ocrx_word' id='word_1_192' title='bbox 829 2827 896 2870; x_wconf 89' lang='lat' dir='ltr'><strong><em>non</em></strong></span> <span class='ocrx_word' id='word_1_193' title='bbox 910 2827 1016 2890; x_wconf 86' lang='lat' dir='ltr'><strong><em>¹posse</em></strong></span> <span class='ocrx_word' id='word_1_194' title='bbox 1044 2806 1153 2873; x_wconf 88' lang='lat' dir='ltr'><strong><em>Labeo</em></strong></span> 
     </span>
    </p>
   </div>
   <div class='ocr_carea' id='block_1_11' title="bbox 136 2893 1154 3048">
    <p class='ocr_par' dir='ltr' id='par_1_11' title="bbox 136 2893 1154 3048">
     <span class='ocr_line' id='line_1_27' title="bbox 137 2893 1154 2981; baseline 0.002 -23"><span class='ocrx_word' id='word_1_195' title='bbox 137 2895 314 2959; x_wconf 81' lang='lat' dir='ltr'><strong><em>Trebatius</em></strong></span> <span class='ocrx_word' id='word_1_196' title='bbox 332 2893 577 2979; x_wconf 86' lang='lat' dir='ltr'><strong><em>responderunt,</em></strong></span> <span class='ocrx_word' id='word_1_197' title='bbox 595 2895 672 2979; x_wconf 93' lang='lat' dir='ltr'><strong><em>quia</em></strong></span> <span class='ocrx_word' id='word_1_198' title='bbox 690 2896 822 2960; x_wconf 83' lang='lat' dir='ltr'><strong><em>reddere</em></strong></span> <span class='ocrx_word' id='word_1_199' title='bbox 842 2913 912 2961; x_wconf 87' lang='lat' dir='ltr'><strong><em>eam</em></strong></span> <span class='ocrx_word' id='word_1_200' title='bbox 932 2897 1037 2980; x_wconf 83' lang='lat' dir='ltr'><strong><em>magis</em></strong></span> <span class='ocrx_word' id='word_1_201' title='bbox 1056 2918 1154 2981; x_wconf 88' lang='lat' dir='ltr'><strong><em>quam</em></strong></span> 
     </span>
     <span class='ocr_line' id='line_1_28' title="bbox 136 2983 410 3048; baseline -0.004 -1"><span class='ocrx_word' id='word_1_202' title='bbox 136 2983 213 3048; x_wconf 88' lang='lat' dir='ltr'><strong><em>darc</em></strong></span> <span class='ocrx_word' id='word_1_203' title='bbox 237 2983 410 3048; x_wconf 87' lang='lat' dir='ltr'><strong><em>videretur.</em></strong></span> 
     </span>
    </p>
   </div>
   <div class='ocr_carea' id='block_1_12' title="bbox 226 3035 1153 3158">
    <p class='ocr_par' dir='ltr' id='par_1_12' title="bbox 226 3035 1153 3158">
     <span class='ocr_line' id='line_1_29' title="bbox 226 3035 1153 3158; baseline 0.001 -21"><span class='ocrx_word' id='word_1_204' title='bbox 226 3073 282 3138; x_wconf 80' lang='lat'><strong><em>21.</em></strong></span> <span class='ocrx_word' id='word_1_205' title='bbox 318 3070 357 3136; x_wconf 86' lang='lat' dir='ltr'><strong><em>n.</em></strong></span> <span class='ocrx_word' id='word_1_206' title='bbox 380 3070 457 3156; x_wconf 67' lang='lat' dir='ltr'><strong><em>ibic.</em></strong></span> <span class='ocrx_word' id='word_1_207' title='bbox 480 3074 500 3152; x_wconf 69' lang='lat' dir='ltr'><strong><em>s</em></strong></span> <span class='ocrx_word' id='word_1_208' title='bbox 521 3073 547 3138; x_wconf 89' lang='lat'><strong><em>1.</em></strong></span> <span class='ocrx_word' id='word_1_209' title='bbox 571 3109 615 3118; x_wconf 97' lang='lat'><em>-</em></span> <span class='ocrx_word' id='word_1_210' title='bbox 639 3035 784 3138; x_wconf 75' lang='lat' dir='ltr'><strong><em>‘Stichus</em></strong></span> <span class='ocrx_word' id='word_1_211' title='bbox 807 3074 891 3146; x_wconf 72' lang='lat' dir='ltr'><strong><em>laer</em></strong></span> <span class='ocrx_word' id='word_1_212' title='bbox 914 3077 997 3158; x_wconf 75' lang='lat' dir='ltr'><strong><em>esto,</em></strong></span> <span class='ocrx_word' id='word_1_213' title='bbox 1025 3039 1153 3158; x_wconf 72' lang='lat' dir='ltr'><strong><em>quando</em></strong></span> 
     </span>
    </p>
   </div>
   <div class='ocr_carea' id='block_1_13' title="bbox 4 3157 1153 3227">
    <p class='ocr_par' dir='ltr' id='par_1_13' title="bbox 4 3157 1153 3227">
     <span class='ocr_line' id='line_1_30' title="bbox 4 3157 1153 3227; baseline 0.003 -5"><span class='ocrx_word' id='word_1_214' title='bbox 4 3157 6 3222; x_wconf 72' lang='grc' dir='ltr'>ἔ</span> <span class='ocrx_word' id='word_1_215' title='bbox 137 3183 193 3226; x_wconf 88' lang='lat' dir='ltr'><strong><em>aes</em></strong></span> <span class='ocrx_word' id='word_1_216' title='bbox 218 3161 361 3227; x_wconf 88' lang='lat' dir='ltr'><strong><em>alienum</em></strong></span> <span class='ocrx_word' id='word_1_217' title='bbox 386 3182 492 3225; x_wconf 90' lang='lat' dir='ltr'><strong><em>mcum</em></strong></span> <span class='ocrx_word' id='word_1_218' title='bbox 516 3162 659 3227; x_wconf 83' lang='lat' dir='ltr'><strong><em>solutum</em></strong></span> <span class='ocrx_word' id='word_1_219' title='bbox 682 3161 936 3227; x_wconf 82' lang='lat' dir='ltr'><strong><em>creditoribusve</em></strong></span> <span class='ocrx_word' id='word_1_220' title='bbox 958 3162 1039 3226; x_wconf 90' lang='lat' dir='ltr'><strong><em>meis</em></strong></span> <span class='ocrx_word' id='word_1_221' title='bbox 1061 3163 1153 3226; x_wconf 86' lang='lat' dir='ltr'><strong><em>satis·</em></strong></span> 
     </span>
    </p>
   </div>
   <div class='ocr_carea' id='block_1_14' title="bbox 135 3249 1154 3423">
    <p class='ocr_par' dir='ltr' id='par_1_14' title="bbox 135 3249 1154 3423">
     <span class='ocr_line' id='line_1_31' title="bbox 135 3249 1154 3335; baseline 0.001 -20"><span class='ocrx_word' id='word_1_222' title='bbox 135 3250 260 3335; x_wconf 83' lang='lat' dir='ltr'><strong><em>factum</em></strong></span> <span class='ocrx_word' id='word_1_223' title='bbox 286 3249 368 3313; x_wconf 83' lang='lat' dir='ltr'><strong><em>erit&#39;.</em></strong></span> <span class='ocrx_word' id='word_1_224' title='bbox 412 3251 557 3333; x_wconf 85' lang='lat' dir='ltr'><strong><em>quamvis</em></strong></span> <span class='ocrx_word' id='word_1_225' title='bbox 576 3249 669 3313; x_wconf 87' lang='lat' dir='ltr'><strong><em>heres</em></strong></span> <span class='ocrx_word' id='word_1_226' title='bbox 688 3249 831 3333; x_wconf 87' lang='lat' dir='ltr'><strong><em>locuples</em></strong></span> <span class='ocrx_word' id='word_1_227' title='bbox 850 3250 1022 3335; x_wconf 84' lang='lat' dir='ltr'><strong><em>extitisset,</em></strong></span> <span class='ocrx_word' id='word_1_228' title='bbox 1044 3255 1154 3316; x_wconf 88' lang='lat' dir='ltr'><strong><em>tamen</em></strong></span> 
     </span>
     <span class='ocr_line' id='line_1_32' title="bbox 136 3337 1154 3423; baseline 0.001 -19"><span class='ocrx_word' id='word_1_229' title='bbox 136 3361 204 3404; x_wconf 90' lang='lat' dir='ltr'><strong><em>non</em></strong></span> <span class='ocrx_word' id='word_1_230' title='bbox 227 3338 319 3423; x_wconf 87' lang='lat' dir='ltr'><strong><em>prius</em></strong></span> <span class='ocrx_word' id='word_1_231' title='bbox 344 3337 489 3402; x_wconf 80' lang='lat' dir='ltr'><strong><em>Stichum</em></strong></span> <span class='ocrx_word' id='word_1_232' title='bbox 513 3338 648 3402; x_wconf 89' lang='lat' dir='ltr'><strong><em>liberum</em></strong></span> <span class='ocrx_word' id='word_1_233' title='bbox 673 3337 834 3416; x_wconf 89' lang='lat' dir='ltr'><strong><em>futurum,</em></strong></span> <span class='ocrx_word' id='word_1_234' title='bbox 858 3360 954 3423; x_wconf 88' lang='lat' dir='ltr'><strong><em>quam</em></strong></span> <span class='ocrx_word' id='word_1_235' title='bbox 979 3339 1154 3405; x_wconf 79' lang='lat' dir='ltr'><strong><em>creditores</em></strong></span> 
     </span>
    </p>
   </div>
   <div class='ocr_carea' id='block_1_15' title="bbox 4 3427 1155 3512">
    <p class='ocr_par' dir='ltr' id='par_1_15' title="bbox 4 3427 1155 3512">
     <span class='ocr_line' id='line_1_33' title="bbox 4 3427 1155 3512; baseline 0.003 -23"><span class='ocrx_word' id='word_1_236' title='bbox 4 3449 6 3489; x_wconf 82' lang='grc'><strong>;</strong></span> <span class='ocrx_word' id='word_1_237' title='bbox 137 3427 311 3512; x_wconf 89' lang='lat' dir='ltr'><strong><em>pecuniam</em></strong></span> <span class='ocrx_word' id='word_1_238' title='bbox 339 3431 397 3492; x_wconf 86' lang='lat' dir='ltr'><strong><em>aut</em></strong></span> <span class='ocrx_word' id='word_1_239' title='bbox 425 3428 503 3491; x_wconf 86' lang='lat' dir='ltr'><strong><em>satis</em></strong></span> <span class='ocrx_word' id='word_1_240' title='bbox 532 3427 731 3510; x_wconf 84' lang='lat' dir='ltr'><strong><em>accepissent</em></strong></span> <span class='ocrx_word' id='word_1_241' title='bbox 757 3427 861 3492; x_wconf 87' lang='lat' dir='ltr'><strong><em>aliove</em></strong></span> <span class='ocrx_word' id='word_1_242' title='bbox 885 3448 947 3510; x_wconf 91' lang='lat' dir='ltr'><strong><em>quo</em></strong></span> <span class='ocrx_word' id='word_1_243' title='bbox 972 3429 1066 3495; x_wconf 91' lang='lat' dir='ltr'><strong><em>modo</em></strong></span> <span class='ocrx_word' id='word_1_244' title='bbox 1090 3430 1155 3494; x_wconf 88' lang='lat' dir='ltr'><strong><em>sibi</em></strong></span> 
     </span>
    </p>
   </div>
   <div class='ocr_carea' id='block_1_16' title="bbox 137 3513 852 3599">
    <p class='ocr_par' dir='ltr' id='par_1_16' title="bbox 137 3513 852 3599">
     <span class='ocr_line' id='line_1_34' title="bbox 137 3513 852 3599; baseline -0.003 -17"><span class='ocrx_word' id='word_1_245' title='bbox 137 3517 316 3595; x_wconf 84' lang='lat' dir='ltr'><strong><em>cavissent,</em></strong></span> <span class='ocrx_word' id='word_1_246' title='bbox 339 3515 448 3580; x_wconf 86' lang='lat' dir='ltr'><strong><em>Labeo</em></strong></span> <span class='ocrx_word' id='word_1_247' title='bbox 472 3513 587 3580; x_wconf 89' lang='lat' dir='ltr'><strong><em>Ofilius</em></strong></span> <span class='ocrx_word' id='word_1_248' title='bbox 610 3516 852 3599; x_wconf 87' lang='lat' dir='ltr'><strong><em>responderunt.</em></strong></span> 
     </span>
    </p>
   </div>
   <div class='ocr_carea' id='block_1_17' title="bbox 0 0 1280 3888">
    <p class='ocr_par' dir='ltr' id='par_1_17' title="bbox 0 0 1280 3888">
     <span class='ocr_line' id='line_1_35' title="bbox 0 0 1280 3888; baseline 0 0"><span class='ocrx_word' id='word_1_249' title='bbox 0 0 1280 3888; x_wconf 95' lang='lat' dir='ltr'><strong><em> </em></strong></span> 
     </span>
    </p>
   </div>
  </div>
 </body>
</html>
