2580 3888
187 143 256 206 384
295 143 330 200 IL
357 141 423 198 TlB.
443 140 519 196 Gall
542 140 670 197 (11111111).
689 139 824 198 NERON.
848 141 958 196 TEMP.
977 141 1073 196 IURIS
1097 141 1200 199 CONS.

86 319 109 334 *
191 331 227 370 ex
254 310 330 370 libro
357 309 431 370 iuris
460 310 556 370 civilis
585 302 734 369 secundo'.
786 312 970 385 11‚18,20
998 304 1102 371 ‘verba
1130 315 1201 371 sunt

191 399 296 459 Sabini
320 418 355 458 er
377 399 452 458 libro
476 399 551 458 iuris
576 398 671 458 9111119
695 393 845 460 secundo'.
885 401 1014 477 5,13,5
1039 392 1200 460 ‘Masurius

189 490 292 547 autem
326 487 454 547 Sabinus
485 488 517 546 in
548 487 626 546 libro
658 487 734 546 iuris
766 486 862 548 civilis
894 481 1012 568 tertio’)
1051 491 1081 547 et
1114 488 1201 547 index

191 576 383 636 Florentinus
422 569 552 657 (Sabini
582 576 657 636 iuris
685 575 805 636 civilion
832 575 931 654 βιβλία
961 569 1060 659 rpio’).
1112 577 1202 636 huius

193 665 291 742 operis
327 683 415 724 usum
451 665 727 750 frequentissimum
758 665 850 724 fuisse
883 665 956 725 satis
988 669 1130 743 apparet,
1164 667 1202 725 ad

190 753 272 832 quod
299 773 367 814 cum
393 755 549 814 referenda
575 754 717 814 videntur
744 757 775 813 et
797 747 923 813 ‘Masuri
944 748 1085 831 rubrica’,
1113 774 1203 830 quam

193 843 313 903 Persius
333 845 362 920 5,
377 847 419 904 90
438 843 552 922 laudat,
571 846 603 902 et
621 836 817 920 ‘Muoocpiou
836 836 943 920 νόμοι’,
962 862 1037 918 quos
1055 843 1203 904 Arrianus

193 931 291 1008 Dpist.
318 933 352 1010 4,
379 935 397 992 3
436 933 535 1004 affert,
571 935 637 990 tum
673 933 760 991 notas
797 931 918 1008 scripsit
950 931 1072 991 Traiani
1104 936 1203 992 aetate

194 1021 292 1081 Titius
324 1021 427 1080 Aristo
459 1013 510 1101 (D.
533 1022 561 1094 7,
582 1023 611 1098 8,
631 1014 678 1099 6),
712 1021 941 1080 commentarios
974 1024 1204 1096 composuerunt

193 1109 341 1169 Hadriani
363 1112 462 1169 aetate
486 1110 595 1168 Sextus
618 1109 809 1186 Pomponius,
836 1109 938 1171 Severi
960 1111 1009 1169 vel
1033 1108 1203 1168 Caracallae

194 1202 294 1258 aetate
325 1199 423 1258 Iulius
451 1199 563 1275 Paulus
593 1200 624 1257 et
650 1197 801 1258 Domitius
829 1197 991 1276 Ulpianus,
1021 1198 1203 1275 Pomponius

194 1288 314 1366 quidem
337 1287 430 1347 libros
453 1286 589 1365 XXXVI,
612 1287 726 1346 Paulus
749 1286 829 1361 XVI,
852 1286 1000 1363 Ulpianus
1017 1287 1066 1347 LI.
1103 1293 1204 1363 poste-

193 1377 236 1436 ris
265 1377 452 1456 temporibus
479 1395 576 1453 neque
601 1375 704 1436 Sabini
731 1375 801 1435 libri
830 1394 924 1453 neque
947 1375 1105 1452 Pomponii
1128 1396 1205 1436 com·

192 1465 346 1541 mentarii,
378 1465 430 1524 sed
456 1465 544 1524 Pauli
575 1465 678 1541 potius
705 1463 864 1540 Ulpianive
893 1463 1034 1524 videntur
1062 1464 1204 1540 adhibiti;

193 1556 274 1614 certe
306 1555 338 1612 in
367 1554 538 1630 fragmenta
565 1552 715 1613 Vetissus
743 1557 811 1612 ante
840 1572 865 1612 a.
890 1554 953 1613 426
983 1554 1120 1614 confecta
1146 1572 1205 1612 uon

193 1661 291 1720 pauca
309 1662 345 1701 ex
361 1642 486 1719 Ulpiani
504 1643 589 1702 libris
608 1645 729 1720 recepta
746 1646 818 1702 sunt
838 1635 893 1721 (ἐξ
909 1645 1048 1703 59—64.
1066 1644 1204 1703 70-71.

197 1733 336 1792 74-89.
361 1725 448 1813 269).
493 1732 525 1792 in
553 1732 673 1792 scholiis
698 1731 847 1790 Sinaiticis
875 1731 914 1790 ad
937 1730 1060 1806 Ulpiani
1087 1732 1207 1791 eosdem

194 1821 288 1880 libros
325 1821 404 1880 inter
435 1841 461 1881 9.
494 1823 557 1881 439
592 1825 623 1880 91
655 1822 733 1897 533,
770 1821 897 1879 19119999
930 1840 956 1880 a.
988 1822 1052 1879 472
1087 1820 1207 1897 scriptis

197 1903 335 1989 (0911991.
359 1909 427 1969 libr.
449 1911 506 1968 191.
529 1910 670 1968 99191991.
694 1908 739 1967 III
763 1901 953 1988 aes-282)
978 1909 1064 1968 Pauli
1088 1928 1208 1986 quoque

194 1997 267 2056 libri
290 1998 328 2056 ad
347 1997 491 2057 Sabinum
508 1998 671 2057 laudantur
689 1990 731 2079 (p.
750 2000 822 2059 214.
841 1999 913 2056 277.
930 1991 1018 2080 278).
1060 2001 1092 2057 91
1111 2017 1208 2076 neque

194 2086 290 2160 ipsius
315 2085 417 2145 Sabini
443 2105 540 2161 neque
563 2085 720 2161 Pomponii
746 2086 868 2146 illorum
892 2087 1038 2146 librorum
1060 2087 1125 2145 ulla
1149 2106 1209 2145 am·

194 2174 276 2250 plius
312 2174 425 2233 mentio
458 2175 500 2234 fit.
557 2174 756 2233 Tribonianus
787 2194 858 2235 vero
890 2176 923 2234 in
953 2175 1040 2235 noris
1072 2175 1208 2254 Digestis

193 2263 405 2338 componendis
446 2283 506 2322 non
547 2263 635 2322 modo
669 2263 756 2322 Pauli
793 2266 824 2323 et
855 2263 993 2341 Ulpiani,
1026 2264 1078 2324 sed
1115 2265 1209 2324 etiam

197 2351 354 2427 Pomponii
381 2352 466 2412 libris
491 2353 529 2412 ad
553 2352 697 2412 Sabinum
721 2371 793 2412 usus
816 2356 874 2428 est,
902 2353 1025 2429 Ulpiani
1047 2353 1209 2428 uberrime,

197 2440 370 2516 parcissime
391 2441 492 2500 Pauli:
525 2441 680 2518 Pomponii
707 2442 786 2501 enim
809 2442 954 2501 librorum
977 2441 1151 2519 fragmenta
1175 2462 1212 2501 ex

195 2529 358 2590 Lencliana
378 2531 599 2608 computatione
618 2530 686 2606 plus
705 2531 924 2607 quadringenta
942 2521 991 2612 (P.
1007 2524 1212 2614 asa-803),

197 2619 285 2678 Pauli
307 2620 370 2679 1919
394 2624 528 2680 11999919
551 2614 597 2698 (P.
624 2613 866 2698 1598-1893),
888 2618 1011 2696 Ulpiani
1033 2620 1096 2679 fere
1120 2621 1213 2698 quin·

195 2710 288 2787 genta
320 2710 512 2787 septuaginta
545 2703 592 2789 (P.
621 2701 856 2790 2421-2992)
889 2711 1008 2770 9911919
1040 2712 1120 2769 sunt.
1177 2713 1214 2768 nt

197 2798 270 2856 haec
302 2798 471 2874 fragmenta
502 2799 533 2857 in
564 2799 649 2858 novis
680 2798 817 2874 Digestis
850 2797 1015 2856 multorum
1046 2797 1214 2857 titulorum

83 2891 86 2898 “
196 2886 246 2946 191
282 2906 422 2964 magnam
458 2887 506 2947 vel
542 2886 686 2945 maiorem
721 2887 770 2946 191
807 2885 966 2945 maximam
1002 2890 1122 2961 partem
1162 2906 1214 2945 ex·

196 2975 282 3050 plent
310 2976 347 3034 ab
375 2977 476 3050 eisque
504 2992 593 3048 saepe
620 2974 705 3032 tituli
731 2974 891 3052 incipiunt,
918 2975 962 3033 ita
984 2974 1079 3050 ipsius
1104 2973 1217 3034 Sabini

197 3081 283 3139 opus,
307 3081 488 3140 quamquam
511 3080 620 3121 nomen
643 3063 706 3121 eins
729 3063 762 3121 in
779 3062 875 3122 indice
894 3063 1068 3123 Florentino
1088 3063 1218 3142 legitur,

199 3151 367 3211 adhibitum
390 3170 450 3210 non
473 3154 527 3211 est.
571 3151 679 3228 quodsi
702 3151 769 3229 quis
793 3151 965 3211 Triboniani
987 3152 1020 3210 in
1043 3152 1104 3212 illis
1130 3154 1220 3230 frag·

198 3240 307 3299 mentis
334 3240 499 3299 tractandis
530 3241 677 3299 rationem
710 3240 936 3319 examinaverit,
966 3241 992 3300 is
1021 3260 1091 3299 eum
1113 3242 1221 3301 multa

198 3327 345 3387 delevisse
376 3328 549 3406 intellegat,
581 3328 687 3389 delatis
715 3329 775 3388 alia
802 3329 1006 3404 substituisse,
1036 3329 1097 3389 alia
1127 3330 1219 3390 addi·

199 3415 287 3490 disse,
311 3416 455 3476 nonnulla
474 3415 506 3475 in
524 3415 643 3476 brevius
662 3418 852 3495 contraxisse,
872 3420 903 3476 in
921 3437 1038 3478 summa
1056 3418 1222 3479 Sabiniani

200 3503 299 3577 operis
322 3503 496 3564 memoriam
518 3523 640 3581 prorsus
664 3507 726 3564 fere
750 3506 917 3582 extinxisse,
941 3526 1000 3583 quo
1020 3507 1140 3567 factum
1161 3512 1222 3582 991,
