2568 3890
380 178 404 226 7.
427 170 464 226 M.
480 171 674 228 ANTISTIUS
692 172 812 229 LABEO
1034 174 1098 239 201

96 336 161 400 duen
179 335 370 400 arbitratum
390 335 450 399 oiri
464 335 534 399 boni
550 355 634 400 moue
651 337 807 418 spudium
824 338 909 418 sequi
926 338 1103 424 debebimus,

95 425 181 489 ueluti
198 425 229 489 si
247 425 276 488 is
294 424 348 504 qui
366 427 479 488 cerium
490 425 657 506 44444444
674 426 810 509 dedisset,
829 426 904 491 biber
920 447 982 492 esse
999 428 1102 493 iussus

94 518 143 597 est,
169 534 236 577 non
262 513 417 594 aucupto
443 533 489 598 eo,
516 515 566 577 eui
593 514 622 577 si
647 515 786 598 dedisset,
817 514 915 596 <luber
936 517 1042 601 esset>
1069 537 1102 582 eo

94 603 175 667 modo
188 602 306 683 poterit
293 601 396 666 tuber
418 621 486 680 esse,
510 622 569 684 quo
587 608 698 688 posset,
719 605 749 668 si
766 605 813 716 itu
827 604 939 685 fuisset
955 607 1102 689 suabium

95 691 129 756 si
149 691 254 755 beredi
277 689 423 754 dedisset!

178 827 224 887 Of.
244 828 280 886 D.
296 830 347 902 40,
362 830 392 905 4,
408 831 436 887 8
472 828 654 904 Pomponius
674 829 751 888 libro
773 831 878 905 quinto
846 829 941 889 tad
959 830 1102 891 Sabinum

93 911 133 999 (P.
153 907 247 997 479).
293 916 326 975 si
348 919 392 975 ita
415 917 455 976 sit
478 918 622 993 scriptum
648 913 793 996 ‘Stichus
822 919 847 976 si
874 920 1006 979 rationes
1033 921 1100 979 dili·

93 1011 196 1082 genter
219 1008 367 1064 tractasse
389 1005 547 1082 videbitur,
573 1006 650 1065 liber
672 1000 758 1083 esto',
781 1007 969 1085 diligentiam
992 1007 1104 1068 deside-

93 1097 231 1168 randam,
258 1113 334 1169 quae
363 1094 495 1194 domino,
525 1113 585 1153 non
612 1113 690 1172 quae
718 1114 802 1156 servo
830 1097 888 1154 erit
909 1097 1007 1169 utilis,
1034 1116 1102 1157 con·

93 1187 193 1244 iuncta
216 1181 286 1241 fidei
308 1183 403 1243 bonae
427 1183 488 1241 44
479 1203 511 1241 1n
533 1183 657 1261 reliquis
681 1203 800 1262 qnoque
823 1185 990 1247 reddendis.

179 1311 234 1375 91.
262 1309 301 1375 D.
320 1311 372 1392 28,
386 1311 417 1396 8,
432 1312 482 1376 11.
526 1310 697 1376 Iavolenus
728 1312 812 1377 libro
840 1316 954 1396 quarto
985 1335 1023 1377 ex
1045 1336 1103 1398 po-

94 1399 284 1466 sterioribus
303 1359 525 1463 14444444.-
548 1397 610 1475 Qui
627 1400 729 1464 lilium
748 1401 933 1466 libertinum
953 1401 1103 1486 4444444,

94 1489 245 1554 heredem
283 1509 355 1552 enm
391 1488 485 1553 44444
444 1489 590 1572 444,ι44
629 1487 741 1553 deinde
778 1493 825 1554 ita
858 1490 1073 1574 scripserat‘
1076 1493 1106 1555 44

93 1579 171 1643 4444
201 1576 290 1641 41444
318 1576 428 1640 441144
456 1577 530 1660 crit,
559 1577 615 1661 qui
643 1577 677 1641 in
705 1599 796 1642 snam
823 1579 959 1644 tutelam
987 1579 1106 1663 veniat,

94 1672 160 1732 tum
187 1665 294 1730 Dama
322 1687 432 1729 servus
461 1667 543 1731 liber
571 1666 661 1730 esto'.
708 1666 836 1748 <nullus
860 1665 945 1752 nisi>
966 1667 994 1731 is
1018 1668 1105 1733 filius

93 1756 237 1841 pupillus
265 1753 437 1818 libertinus
461 1760 539 1820 erut.
588 1756 815 1840 quaerebatur,
845 1757 871 1819 ei
896 1755 999 1821 Dama
1023 1757 1106 1821 liber

94 1849 188 1910 44444.
235 1842 405 1907 Trebatius
432 1847 544 1928 negat,
575 1844 651 1928 quia
678 1843 737 1908 filii
766 1845 983 1930 appellatione
1010 1845 1106 1909 liber·

92 1934 181 1999 tinus
215 1953 343 2016 quoque
375 1932 601 1997 contineretur.
657 1931 766 1997 Labeo
799 1938 924 2020 contra,
959 1933 1034 2019 qnia
1067 1956 1104 1999 44

91 2023 163 2089 1444
188 2043 301 2086 verum
324 2020 427 2085 filium
451 2020 551 2104 accipi
575 2025 712 2107 oportet.

181 2110 236 2174 92.
263 2109 302 2175 D.
327 2110 384 2194 32,
397 2109 453 2192 29,
466 2110 497 2174 4.
547 2108 656 2176 Labeo
686 2111 770 2175 libro
803 2112 940 2177 secundo
969 2114 1105 2199 posteri-

92 2221 185 2264 orum
205 2221 225 2262 4
239 2197 391 2263 Iauoleno
411 2200 671 2283 epitomatorum.
688 2237 725 2246 -
742 2199 933 2266 ‘siscianus
954 2207 987 2266 44
999 2202 1105 2267 Dama

91 2288 176 2353 servi
206 2287 271 2352 mci
297 2289 331 2352 in
358 2292 521 2371 potestate
548 2310 620 2354 meu
648 2293 742 2353 erunt
770 2312 842 2356 cum
870 2291 1003 2373 moriar,
1035 2295 1104 2356 tum

91 2374 222 2443 Stichus
257 2379 289 2440 et
317 2376 421 2440 Dama
455 2375 548 2440 liberi
577 2382 672 2442 44444
701 2381 734 2441 44
760 2378 895 2442 fundum
923 2380 1014 2443 illum
1043 2381 1106 2444 4444

90 2465 258 2532 habento'.
301 2465 328 2528 si
351 2465 489 2530 alterum
512 2487 550 2528 ex
571 2466 622 2530 444
641 2469 718 2550 post
736 2470 965 2531 testamentum
984 2469 1105 2533 factum

91 2555 244 2620 dominns
264 2554 437 2618 alienasset
455 2554 504 2618 vel
525 2553 774 2636 manumisisset,
796 2561 875 2618 4444
876 2576 946 2617 rum
966 2555 1106 2621 liberum

92 2643 142 2708 fut
127 2647 241 2708 turum
268 2641 377 2707 Labeo
408 2646 518 2726 putat,
550 2640 607 2706 scd
633 2640 761 2704 Tubero
794 2663 867 2704 enm
896 2643 951 2724 qui
978 2665 1105 2708 reman-

91 2732 224 2796 444444
213 2753 249 2795 m
273 2736 330 2814 pot
316 2734 444 2815 intestata
466 2732 604 2795 liberum
626 2729 827 2828 futurumst
850 2729 993 2814 legatum
1012 2730 1105 2795 babi-

34 2823 35 2826 ’
89 2823 202 2885 turum
227 2823 330 2904 putat.

183 2909 237 2974 93.
269 2907 308 2972 D
327 2909 378 2990 32,
394 2909 490 2994 30,.2
540 2907 649 2974 Labeo
681 2908 765 2973 libro
799 2908 937 2973 secundo
969 2907 1106 2991 posteri·

88 3021 186 3064 orum
221 3021 240 3062 4
269 2959 423 3062 Iauoleno
456 2998 714 3082 epitomatorum.
748 3035 790 3044 -
823 2996 900 3064 Oum
932 3000 1106 3062 taunuco

87 3090 242 3172 seriptum
268 3091 342 3151 essct
368 3084 484 3152 ‘secono
511 3108 595 3152 suno
622 3107 687 3151 uuo
713 3086 797 3152 beree
819 3088 951 3169 quinque
972 3085 1057 3169 dub,
1079 3089 1108 3148 et

86 3177 117 3240 si
137 3177 264 3242 Stiebus
281 3174 383 3240 lurerb
405 3196 470 3240 neco
494 3175 650 3240 biennium
672 3176 817 3257 eumenii,
841 3175 915 3239 leber
937 3172 1017 3254 esto',
1034 3177 1109 3255 posi

87 3265 253 3330 biennium
286 3264 418 3346 leuatum
450 3265 549 3329 deberi
580 3264 732 3341 existimo,
764 3265 839 3344 quin
869 3264 965 3327 inid
990 3267 1107 3344 unpu

87 3360 117 3418 44
146 3354 273 3420 liberius
299 3357 328 3417 ei
350 3353 481 3435 14944444
504 3353 614 3433 referri
635 3351 765 3429 deberet·
795 3353 876 3433 quod
896 3356 924 3416 44
947 3351 1107 3416 Trebatius

86 3463 105 3504 r
224 3443 259 3506 ii.

105 3443 238 3596 Ἢ.
265 3527 304 3594 D.
327 3530 385 3614 40,
401 3531 434 3615 7,
449 3530 490 3595 39
500 3553 547 3613 pr.
601 3527 771 3595 Iavolenus
802 3529 886 3594 libro
919 3534 1035 3614 quarto
1069 3551 1107 3594 cx
