2580 3888
152 163 217 229 366
258 163 292 218 11.
316 161 385 218 TIB.
405 159 481 216 GAII
504 160 632 231 CLAUD.
656 160 792 216 NERON.
811 160 921 216 TEMP.
943 160 1039 218 mals
1064 160 1166 218 CONS.

156 331 309 408 scripsisse
336 349 397 390 non
420 332 467 388 est
489 347 543 388 cur
564 331 699 408 negetur.
745 348 841 407 neque
866 330 943 388 euim
969 330 1042 389 sutis
1067 330 1166 407 explo-

153 422 256 480 ratum
279 438 342 479 esse
364 425 448 495 puto,
472 417 551 494 quod
569 418 735 478 Mommsen
760 414 886 496 (Hister.
907 419 1049 478 Zeitscbr.
1068 419 1168 478 LXIV

125 519 129 524 “
152 500 233 591 405)
256 509 312 568 ait:
355 503 428 566 ‘Der
451 506 616 585 Gegeusatz
644 508 697 567 der
725 507 767 565 dii
790 507 939 585 indigetes
963 507 1025 567 und
1049 508 1102 567 der
1125 509 1166 566 dii

151 598 320 658 novensiles
361 597 403 655 im
443 596 612 655 romischen
648 595 779 654 Himmel
815 597 856 656 ist
893 597 990 656 sicher
1026 616 1083 655 nur
1120 599 1166 657 als

152 686 313 746 factischer
331 686 501 763 angesehen
519 678 662 762 worden',
680 685 856 761 praesertim
875 686 1021 762 cumipse
1036 689 1168 764 moneat,

153 771 234 835 ‘dass
258 794 316 836 von
339 775 397 833 den
419 773 451 832 iu
474 774 550 832 Rom
573 774 732 834 verehrten
756 771 932 834 Gottheiten
954 794 1013 833 nur
1034 774 1167 853 Jupiter,

152 865 233 924 Mers
274 865 336 924 und
373 862 515 933 Quirinus
552 861 683 921 Priester
721 881 775 922 aus
813 863 866 922 der
901 863 1168 941 Altbtrgerscheft

153 947 301 1035 (flamines
324 945 468 1030 maiores)
493 945 658 1010 erhielten'.
699 950 779 1028 quod
803 951 929 1012 Sabinus
952 952 984 1010 in
1006 953 1059 1012 illo
1084 954 1167 1030 frag·

152 1045 253 1102 mento
286 1042 421 1118 legentes
453 1040 492 1099 ad
524 1040 771 1099 caerimoniarum
802 1041 1004 1118 veriloquium
1037 1042 1168 1101 remittit

150 1123 302 1212 (borbum
331 1149 350 1189 1
376 1128 570 1205 relinquendo
600 1128 713 1190 dictum
740 1133 894 1206 tamquam
922 1130 1122 1190 caerimoniae
1149 1150 1168 1189 a

152 1214 317 1296 carendo'),
340 1237 407 1277 cum
430 1217 642 1292 probabilitate
662 1217 821 1292 suspiceris
839 1219 871 1277 in
889 1219 950 1278 illis
968 1219 1055 1278 libris
1075 1237 1169 1294 supra

151 1310 187 1368 de
207 1307 395 1368 caerimoniis
415 1306 528 1366 dictum
546 1306 654 1381 fuisse;
674 1309 755 1366 certe
773 1306 878 1366 iisdem
894 1309 956 1366 sere
970 1307 1167 1384 temporibus,

151 1398 260 1475 quibus
297 1396 331 1455 hi
367 1395 573 1455 commentarii
607 1395 763 1472 compositi
796 1400 880 1475 sunt,
917 1415 976 1455 non
1007 1397 1095 1456 modo
1128 1397 1166 1456 de

151 1486 401 1546 caerimoniarum
423 1486 559 1544 veterum
583 1484 812 1545 difficultatibus
836 1485 916 1561 apud
934 1489 1035 1561 patres
1054 1489 1165 1544 tracta-

150 1577 242 1634 batur
265 1567 349 1656 (Tao.
369 1593 436 1632 ann.
456 1567 568 1653 4,16),
592 1574 644 1632 sed
667 1575 804 1633 externas
828 1593 946 1651 quoque
970 1575 1167 1634 caerimonias

149 1665 262 1724 Romae
292 1665 475 1740 propagatas
502 1664 698 1741 magistratus
728 1681 828 1722 severe
852 1664 1034 1723 coercebant.
1081 1662 1164 1723 Suet.

151 1753 217 1812 Tib.
238 1756 288 1813 36.
330 1753 362 1810 in
384 1752 431 1810 his
454 1752 542 1811 rebus
565 1751 731 1811 tractandis
751 1751 879 1811 Sabinus
903 1772 962 1812 non
985 1752 1086 1828 potnit
1104 1771 1165 1812 non

150 1843 254 1901 eadem
281 1842 343 1900 fere
372 1842 490 1917 docere,
518 1859 594 1917 quae
623 1844 653 1899 et
681 1839 785 1900 (liceto
814 1841 850 1899 de
882 1841 1000 1917 legibus
1031 1844 1060 1916 2,
1076 1843 1105 1917 8,
1122 1843 1162 1901 19

148 1931 303 2008 praecepit
326 1923 501 2005 ‘separatim
519 1948 605 1988 nemo
624 1929 758 1989 habessit
782 1929 851 1989 deos
875 1948 949 1990 neve
972 1949 1065 1989 novos
1088 1949 1165 1990 neve

149 2020 279 2079 advenas
297 2019 355 2077 nisi
374 2018 490 2094 publice
509 2011 650 2077 adscitos’
671 2011 763 2097 (11.2,
775 2009 832 2100 25)
848 2021 878 2077 11
892 2019 995 2078 Livius
1011 2022 1040 2097 4,
1056 2022 1107 2096 30,
1123 2022 1162 2078 11

148 2107 287 2182 tradidit,
324 2101 372 2164 ‘ne
411 2107 462 2182 qui
497 2107 556 2164 nisi
582 2105 710 2166 Romani
742 2106 784 2165 dii
816 2127 876 2166 neu
904 2127 963 2183 quo
992 2108 1051 2167 alio
1079 2127 1166 2167 more

149 2214 239 2273 quam
262 2195 361 2270 patrio
384 2189 572 2254 colerentur'.

238 2284 274 2342 ln
288 2283 448 2342 Iustiniani
463 2283 656 2360 Digestorum
675 2283 759 2342 libris
778 2303 872 2361 neque
891 2280 1050 2363 indigenae
1065 2305 1165 2362 neque

148 2372 333 2448 alienigenae
352 2390 453 2432 vocem
473 2371 599 2448 reperiri
617 2391 704 2432 nemo
724 2373 896 2450 mirabitur;
915 2378 948 2432 11
966 2374 998 2432 in
1012 2375 1167 2435 codicibus

149 2461 354 2521 Theodosiano
378 2464 409 2520 et
426 2461 594 2521 Iustiniano
617 2480 831 2539 nonnunquam
850 2462 980 2540 obvenit,
1004 2482 1047 2522 ex.
1067 2483 1110 2539 gr.
1130 2463 1165 2522 in

148 2551 328 2610 Diocletiani
353 2553 383 2609 et
406 2551 578 2610 Maximiani
601 2551 812 2611 constitutione
836 2571 862 2610 a.
888 2554 951 2612 290
976 2552 1046 2611 data
1069 2545 1115 2632 ((1.
1132 2555 1164 2630 8,

148 2642 237 2717 48,1
273 2635 317 2699 ‘Si
346 2641 396 2699 lex
423 2641 590 2717 municipii,
622 2641 654 2698 in
681 2660 740 2716 quo
772 2643 803 2700 te
835 2644 921 2716 pater
953 2641 1165 2720 emancipavit,

147 2733 329 2805 potestatem
357 2730 523 2789 duumviris
554 2729 649 2806 dedit,
672 2735 707 2788 ut
730 2730 819 2788 etiam
844 2729 1028 2807 alienigenae
1052 2729 1165 2789 liberos

149 2837 218 2878 suos
243 2819 430 2894 emancipare
453 2812 579 2894 possiut'
604 2823 635 2876 11
654 2838 680 2892 q.
701 2810 747 2896 1.).

236 2908 273 2967 Iu
306 2907 524 2967 commentariis
556 2905 593 2964 de
625 2906 773 2982 indigenis
802 2905 965 2965 scribendis
994 2907 1164 2966 Masurium

147 2997 234 3055 libris
259 2995 356 3056 Servii
380 2995 512 3070 Sulpicii,
539 2997 645 3070 utpote
674 3013 760 3070 quem
783 2994 814 3052 in
838 2995 1004 3054 definienda
1027 2996 1165 3073 religiosi

148 3085 269 3145 notione
293 3085 331 3143 ad
352 3083 479 3142 verbum
497 3083 558 3141 fere
578 3086 700 3142 secutus
719 3083 767 3159 sit,
789 3102 877 3142 usum
897 3102 962 3142 esse
980 3085 1056 3142 illud
1079 3085 1165 3160 frag-

147 3179 282 3232 mentum
300 3173 394 3232 docet.
430 3173 508 3246 quod
527 3172 755 3231 commentarios
774 3192 834 3232 non
852 3172 890 3232 ad
913 3173 959 3232 ius
978 3173 1164 3248 pertinuisse

147 3262 284 3338 Krueger
306 3281 336 3337 p.
357 3262 418 3320 153
443 3260 500 3337 ait,
523 3279 583 3320 non
607 3280 710 3321 verum
734 3265 779 3321 est
802 3262 838 3321 de
861 3262 925 3320 iure
950 3279 1043 3320 sacro.

236 3343 316 3409 Gell.
326 3346 357 3427 4,
367 3345 397 3425 9,
412 3344 441 3408 8.
451 3379 495 3389 -
506 3343 666 3409 Masurius
681 3342 855 3411 ..Sabinus
865 3347 898 3408 in
909 3347 1164 3427 commentariis,

147 3452 228 3514 quos
256 3433 294 3495 de
324 3432 483 3517 indigenis
508 3434 703 3517 composuit:
732 3434 934 3517 Rcltpc'osum,
962 3435 1080 3519 inquit,
1108 3441 1165 3518 cst,

147 3521 230 3600 quod
245 3526 372 3602 propter
393 3522 586 3586 sanctitatem
608 3523 748 3603 aliquam
770 3529 917 3588 remotum
935 3544 972 3588 uc
993 3525 1164 3605 sepositum
