2512 3888
176 202 240 266 468
282 203 316 256 ΙΙ.
341 201 409 255 ΤΙΒ.
429 201 505 256 GAII
528 201 656 259 chron.
674 202 809 260 Nason.
832 203 939 260 ἜΕΜΡ.
961 204 1058 260 lunis
1081 205 1178 264 GONS.

176 371 223 429 die
260 369 372 428 directe
408 369 641 450 Hintcrlassung
676 372 728 432 ‹ler
760 371 893 432 Freiheit
928 373 1054 432 berthrt
1088 373 1178 450 hetta

176 459 244 517 dass
264 458 311 516 die
330 457 559 538 Rechtstellung
577 460 699 537 spaciell
717 462 770 520 der
788 463 872 520 statu
890 461 977 520 liberi
1000 464 1063 521 eret
1082 463 1179 522 waiter

170 550 269 606 ,unten
283 547 445 608 behandelt
459 549 541 625 wiri,
560 549 661 610 worda
676 550 746 609 licin
766 549 1056 627 durchschlagcndar
1071 549 1178 629 Gegan-

176 635 274 712 grund
297 630 380 697 sein'.
421 637 622 697 Iustinianum
643 638 719 714 legis
738 638 839 698 Fufiae
864 637 1004 698 Caniniae
1027 644 1180 717 praecepta

169 724 342 785 *abolevisse
361 744 480 785 moneo:
503 746 530 786 v.
545 726 568 784 I.
585 730 613 805 1,
630 731 646 787 7
663 727 699 786 de
714 727 781 804 lega
795 727 882 786 Fufia
900 725 1025 786 Caninia
1043 729 1178 789 tollenda.

264 814 316 909 bi).
339 843 409 908 Gai.
424 846 453 928 2,
465 846 539 910 236ι
558 881 601 892 -
619 845 688 910 Nec
708 846 840 910 libertas
860 867 1032 931 ..poenae
1055 851 1179 913 nomine

175 933 244 998 dari
267 939 384 1016 potest.

267 1063 303 1122 cl.
326 1063 400 1122 Inst.
425 1066 459 1140 2,
483 1066 539 1142 20,
563 1066 619 1124 36:
651 1058 716 1123 ‘nec
738 1064 910 1124 libertatem
931 1082 1045 1141 poenae
1068 1067 1180 1126 nomine

176 1152 241 1210 dari
273 1170 360 1227 posse
392 1152 537 1229 placebat.
588 1171 622 1212 eo
655 1153 784 1229 amplius
815 1171 869 1212 nec
901 1152 1040 1212 heredem
1072 1174 1180 1231 poenae

176 1241 295 1300 nomine
326 1240 404 1300 adici
436 1259 522 1317 posse
552 1241 681 1301 Sabinus
713 1234 922 1302 existimabat'.
972 1242 1074 1303 verbis
1107 1244 1182 1320 apud

177 1329 285 1388 Gaium
313 1330 505 1406 sequentibus
529 1323 677 1407 ‘quamvis
705 1331 741 1390 de
770 1350 804 1390 ea
835 1350 867 1390 ra
890 1331 983 1390 fuerit
1005 1327 1181 1408 quaesitum'

178 1418 281 1477 Sabini
301 1418 480 1477 sententiam
496 1417 553 1478 Gai
571 1423 670 1479 aetate
688 1420 748 1478 iam
766 1423 918 1496 receptam
936 1420 1028 1479 fuisse
1047 1421 1181 1480 efficitur.

172 1561 174 1564 ·
263 1537 316 1603 51.
350 1537 388 1604 D.
408 1539 461 1616 40,
479 1539 510 1619 4,
529 1539 581 1604 57.
612 1515 732 1604 'Gaius
763 1539 846 1602 libro
878 1539 975 1603 tertio
1008 1539 1046 1603 de
1075 1561 1182 1604 manu·

176 1625 386 1691 missionibus
410 1622 459 1714 (P.
474 1625 564 1713 480).
585 1665 629 1674 -
653 1625 688 1692 si
715 1628 857 1712 locuples
886 1627 995 1712 egenti
1017 1627 1112 1692 heres
1136 1649 1183 1692 ex·

176 1716 309 1800 stiterit,
339 1716 517 1801 videamus,
545 1739 587 1781 an
615 1739 653 1782 ea
676 1739 727 1780 res
755 1721 948 1780 testamento
978 1716 1063 1781 datis
1090 1717 1183 1781 liber·

94 1857 95 1862 ,
175 1804 300 1869 tatibus
324 1805 480 1889 proficiat,
506 1810 543 1869 ut
565 1805 739 1871 creditores
762 1804 905 1870 fraudari
927 1827 993 1869 non
1015 1805 1184 1870 videantur

251 1893 332 1957 mihi
360 1892 517 1958 traditum
545 1901 595 1958 est
622 1894 684 1958 hoc
712 1895 780 1958 iure
808 1915 868 1958 nos
896 1893 958 1976 uti,
985 1897 1022 1957 ut
1049 1894 1090 1957 ad
1119 1916 1183 1958 rem

175 2003 242 2046 non
268 1984 444 2065 pertineat,
473 1983 617 2066 locuples
641 2005 683 2047 an
706 2003 805 2068 egens
828 1982 921 2047 heres
945 1983 1102 2067 extiterit,
1132 1983 1184 2046 scd

177 2091 312 2153 quarum
345 2071 551 2135 facultatium
584 2073 723 2136 testator
755 2072 935 2136 decesserit.
985 2093 1083 2155 quam
1117 2093 1184 2137 sen-

175 2157 311 2221 tentiam
333 2157 479 2223 Iulianus
507 2159 586 2225 adeo
615 2161 774 2244 sequitur,
801 2163 837 2225 ut
860 2160 1087 2225 existimatae
1112 2181 1184 2244 eum
1235 2183 1236 2186 ¹

177 2245 304 2330 quidem
325 2247 458 2311 libertat
409 2251 510 2311 tatem
530 2254 680 2313 consecut
680 2271 784 2333 urum,
808 2270 902 2332 quem
920 2249 948 2312 is
963 2249 1017 2332 qui
1031 2249 1185 2314 solvendo
1235 2279 1236 2328 f

176 2355 240 2398 non
259 2339 400 2419 esset,1t
376 2335 575 2401 'taliberum
595 2359 663 2402 esse
682 2336 878 2402 iussisset:
880 2359 951 2402 cum
971 2359 1025 2401 aes
1044 2337 1186 2402 alienum
1235 2341 1236 2360 l

177 2422 264 2487 solut
250 2427 319 2487 tum
353 2425 426 2507 erit,
460 2424 590 2491 Stichus
617 2426 777 2491 libert
727 2425 809 2492 esto'
812 2427 925 2491 .sed
952 2425 1013 2490 hoc
1041 2447 1108 2491 non
1139 2431 1187 2490 est

60 2560 64 2566 -
175 2533 374 2616 consequens
398 2511 566 2579 Sabim
533 2518 566 2580 e
588 2513 694 2581 Cassii
717 2515 910 2598 sententiae,
939 2537 1034 2598 quam
1060 2514 1187 2600 et1pse

175 2621 266 2686 sequ1
258 2603 369 2668 videt
372 2625 417 2682 ur,
436 2604 491 2688 qui
510 2605 697 2670 existimant
683 2605 885 2671 tconsilium
904 2605 1053 2687 cuiusque
1074 2625 1187 2668 manu·

175 2692 333 2756 mittentis
358 2691 516 2778 spectari¹
539 2694 662 2759 debere.

264 2781 317 2847 52.
341 2783 378 2848 D.
394 2782 446 2867 40,
460 2782 491 2864 5,
506 2783 558 2865 34,
573 2783 603 2846 2.
648 2781 845 2867 Pomponius
868 2781 951 2846 libro
974 2780 1073 2846 tertio
1097 2782 1192 2848 fidei-

177 2873 424 2935 commissorum
453 2869 503 2956 (P.
521 2865 610 2956 217).
641 2906 677 2916 —
709 2868 827 2936 Servus
859 2871 985 2956 legatus
1013 2874 1083 2935 erat
1114 2869 1192 2936 Cal-

176 2959 294 3043 purnio
312 2959 429 3024 Flacco
453 2960 544 3042 isque
565 2962 698 3044 rogatus
718 2964 788 3024 erat
806 2981 878 3024 eum
898 2959 1131 3024 manumittere
1151 2964 1195 3041 et,

178 3048 294 3112 sinon
318 3049 585 3130 manumississet,
608 3047 693 3111 idem
718 3069 828 3112 servus
847 3047 939 3113 Titio
963 3047 1091 3131 legatus
1120 3055 1197 3114 erat

176 3139 212 3199 et
228 3135 256 3199 is
276 3157 376 3220 aeque
395 3140 529 3220 rogatus
548 3141 625 3220 erat,
646 3141 774 3200 utacum
793 3137 1049 3203 manumitteret:
1074 3137 1104 3202 si
1126 3161 1198 3204 non

175 3226 445 3307 manumississet,
475 3224 557 3288 liber
584 3247 655 3290 esse
682 3225 791 3290 iussus
819 3230 897 3291 erat.
875 3223 1084 3290 tSabinus
1111 3228 1199 3295 dicit

176 3312 233 3376 inu
234 3311 301 3376 tilit
288 3321 337 3376 ter
359 3315 501 3396 legatum
524 3313 648 3378 foret
616 3321 648 3379 et
667 3337 705 3379 ex
722 3317 920 3380 testamento
939 3335 1012 3378 cum
1032 3317 1198 3383 continuo

175 3398 313 3464 liberum
336 3401 489 3464 futurum.

249 3575 263 3622 1
284 3570 334 3628 Fl.
354 3589 561 3640 quemque
581 3577 731 3646 spectare.
