2568 3890
430 175 456 226 8.
480 170 509 226 G.
528 167 656 225 arama
675 169 806 227 CAPITO
1056 168 1119 234 287

109 337 209 400 notus
227 333 474 399 iurisconsultus
493 332 578 397 inter
597 333 827 417 grammaticos
845 333 1017 417 rhetorem,
1038 333 1122 397 inter

108 423 256 488 rhetores
280 422 527 508 grammaticum
551 420 650 486 tuisse
675 422 729 486 ait.

202 513 252 576 12.
280 511 359 595 Lyd.
377 511 416 575 de
436 510 581 595 magistr.
600 531 742 593 prooem.
766 546 808 557 -
830 511 871 575 τὰ
893 511 956 598 γὰρ
979 509 1121 596 ἐπίσημα

108 609 178 666 τῶν
197 597 367 684 ἀρχόντων
386 598 450 665 ἀπὸ
469 598 630 664 &odorem
646 598 758 681 λαβὼν
776 597 963 682 δβασιλτὺς
981 602 1122 684 Νουμᾶς

108 697 149 774 τῇ
172 691 322 775 πολιτείᾳ
344 690 531 772 εἰσήγαγεν,
553 688 664 772 ὥσπερ
687 685 742 752 καὶ
764 697 832 752 τῶν
855 688 967 753 ὅπλων
984 690 1021 755 τὸ
1041 689 1121 754 δύσ-

105 800 218 864 μαχον
246 775 310 844 ἀπὸ
333 779 501 843 Γαλατῶν.
546 774 602 842 καὶ
627 775 790 862 μάρτυρες
812 772 874 862 μὲν
895 777 1022 842 τούτων
1041 777 1063 842 d
1086 799 1121 842 τε

109 870 270 932 Καπίτων
292 863 347 932 καὶ
369 868 552 950 Φωντήϊος.

198 996 264 1056 Hos
281 996 484 1073 fragmentum
503 1015 557 1055 our
574 994 664 1055 Ateio
683 995 887 1055 abiudioemus
907 1013 997 1055 eausa
1014 994 1122 1054 idonea

109 1103 170 1145 non
193 1088 247 1145 est.
293 1086 329 1146 of.
348 1085 431 1146 Ioers
449 1084 470 1144 l.
489 1103 514 1144 o.
531 1104 559 1160 p.
581 1086 675 1145 1907.

200 1204 252 1270 13.
281 1203 363 1269 Gell.
383 1204 434 1283 10,
448 1203 500 1284 20,
515 1204 544 1269 2.
565 1239 604 1251 -
625 1204 740 1269 Ateius
764 1201 881 1287 Capito
971 1201 1048 1286 quid
1070 1203 1121 1267 lex

109 1301 211 1376 esset,'
235 1293 324 1358 hisee
347 1293 454 1358 verbis
477 1292 638 1358 definivit:
668 1292 746 1372 Lea,
773 1293 894 1376 inquit,
920 1297 966 1357 est
982 1293 1123 1376 ponerale

109 1384 231 1448 tamum
246 1382 358 1465 papati
379 1387 436 1446 aut
451 1381 559 1464 pletr's,
580 1387 708 1464 ropaate
728 1383 920 1465 mapatrota.

201 1472 251 1536 14.
276 1470 357 1536 Gell.
369 1471 421 1555 10,
430 1471 482 1554 20,
491 1469 522 1536 5.
544 1505 581 1516 -·
603 1469 737 1534 Plebenr
754 1521 762 1536 .
777 1520 784 1535 .
799 1518 806 1534 .
821 1468 937 1556 Capito
957 1470 989 1534 in
1009 1468 1121 1534 eadem

109 1559 296 1625 definitione
324 1580 467 1624 seorsum
492 1581 511 1622 a
534 1559 655 1644 populo
681 1559 804 1643 divisit,
831 1559 983 1645 qnoniam
1007 1557 1041 1623 in
1064 1579 1120 1642 po

109 1649 186 1732 pulo
210 1649 315 1714 omnis
339 1669 414 1732 pare
438 1648 580 1712 civitatis
603 1669 778 1733 omnesque
802 1648 869 1713 eius
893 1646 1023 1712 ordines
1047 1668 1120 1712 oon-

109 1736 288 1820 amantur,
322 1735 456 1822 ‘plebes'
490 1757 565 1801 vero
598 1757 636 1800 ea
672 1737 811 1823 dicatur,
845 1737 880 1801 in
912 1758 977 1822 qua
1009 1739 1122 1821 gentes

6 1913 7 1922 ἵ
109 1825 227 1891 sirium
249 1826 406 1910 patriciae
428 1845 495 1892 non
516 1824 638 1890 insunt

199 1955 436 2033 Explicationem
457 1973 575 2032 qnoque
592 1953 747 2030 Oapitonis
765 1954 863 2015 videri
881 1973 945 2015 esse
962 1955 1046 2016 Ioers
1060 1956 1079 2014 l.
1095 1973 1119 2016 o.

109 2047 191 2104 reete
209 2047 319 2105 monet.
349 2044 385 2104 ef.
401 2042 465 2103 Gai.
482 2047 511 2118 1,
521 2047 555 2105 3:
574 2038 670 2120 ‘plebs
689 2048 792 2104 autem
810 2045 952 2120 apopulo
967 2063 1002 2104 eo
1017 2044 1120 2124 distat,

110 2132 191 2210 quod
213 2133 317 2210 populi
340 2133 543 2210 appellatione
566 2133 698 2194 universi
713 2133 794 2194 aives
814 2133 1030 2212 signifieantur,
1054 2153 1122 2194 oon·

110 2222 276 2282 numeratis
299 2221 391 2282 etiam
414 2221 561 2298 patriciis,
588 2221 685 2298 plebis
708 2225 810 2282 autem
832 2223 1032 2298 appellatione
1057 2223 1120 2283 sine

107 2310 246 2388 patriciis
269 2311 360 2371 ceteri
383 2310 463 2370 cives
487 2304 715 2389 significantur'.

200 2430 250 2496 15.
279 2429 360 2494 Gell.
375 2430 427 2511 10,
440 2430 493 2513 20,
507 2430 537 2494 6.
559 2466 602 2478 -
626 2428 835 2495 Plebiseitum
933 2434 983 2494 est
1012 2451 1122 2495 seeun-

109 2517 185 2621 dum
203 2540 281 2671 {um
306 2516 496 2601 Capitonem
519 2521 584 2602 lex,
614 2539 711 2602 qnam
738 2517 862 2602 plebes,
889 2539 954 2582 non
980 2519 1121 2602 populus

109 2627 211 2694 aeorpr
228 2659 235 2672 .

453 2751 537 2812 vm
565 2751 778 2829 Epistulas?

197 2877 321 2938 Ateium
361 2877 505 2955 epistolas
546 2895 641 2956 aeque
678 2882 768 2955 atque
804 2877 974 2936 Labeonem
1011 2866 1121 2958 (supra

108 2987 138 3043 p.
159 2960 305 3049 14‘Isq.)‚
343 2967 505 3028 Proculum
537 2967 671 3045 aliosque
703 2967 777 3028 iuris
808 2966 959 3027 consultos
992 2963 1121 3024 edidisse

109 3073 292 3134 quamquam
318 3057 424 3135 negari
451 3059 531 3116 oerte
558 3057 678 3134 nequit,
704 3059 806 3116 tamen
833 3056 870 3114 iis
897 3073 975 3131 qnae
1003 3052 1121 3114 Gellius
1151 3042 1156 3058 '

111 3145 162 3221 13,
180 3147 333 3220 12,1-4
364 3164 400 3205 ex
427 3145 556 3224 quadam
584 3145 716 3221 epistula
740 3144 827 3216 Ateii
851 3142 1006 3219 Capitonis
1033 3141 1122 3204 affert

109 3225 162 3314 (of.
182 3251 274 3310 supra
296 3255 324 3310 p.
341 3227 413 3316 11),
435 3233 594 3295 nonsatis
616 3232 770 3308 probatur.

534 3423 694 3434 ...ι-..-
