2550 3888
137 164 178 229 68
219 165 239 217 Ι.
260 161 420 218 ἈΕΤΑΤΙΒ
439 161 600 218 AUGUSTI
622 163 668 217 ET
691 163 829 219 TIBERII
851 165 946 220 IURIS
972 137 1155 221 CONSULTI
1268 245 1269 258 .

135 328 164 391 ei
184 315 286 391 lectos¹
303 303 505 408 testudineos
524 326 660 410 pedibus
680 327 894 413 inargentatis
914 327 1022 393 deberi
1038 327 1154 415 Labeo

133 415 306 480 Trebatius
330 415 573 498 responderunt.

428 572 472 626 De
489 573 591 628 mundo
608 565 736 628 muliebri
754 574 850 642 tapeto.

223 672 272 736 14.
292 672 339 737 D.
357 673 462 757 34,2‚
481 673 523 737 39
534 695 581 756 pr.
627 672 797 738 Iavolenus
827 673 910 738 libro
942 673 1081 738 secundo
1111 697 1154 740 ex

133 760 368 843 ¹posterioribus
387 761 556 827 Labeonis.
580 797 622 808 -
647 761 680 825 Si
702 762 795 827 uxori
818 761 955 826 mundus
979 763 1153 829 muliebris

129 850 263 934 legatus
296 854 393 934 esset,
425 871 464 914 ea
494 850 722 916 tantummodo
756 850 864 916 deberi
898 849 1012 916 Ofilius
1040 851 1153 918 Labeo

133 938 382 1040 responderunt,
406 959 487 1021 quae
516 960 554 1002 ex
581 938 633 1004 his
656 939 778 1004 tradita
801 943 837 1003 ut
823 939 911 1004 tendi
935 961 1034 1005 causa
1056 943 1153 1006 uxori

133 1027 242 1092 aviro
269 1026 423 1112 fuissent3
447 1027 541 1092 aliter
563 1029 648 1092 eninr
671 1028 829 1112 interpret
814 1029 962 1093 tentibus
988 1050 1151 1094 summam
1268 1091 1269 1098 ,

132 1115 201 1180 fore
218 1117 425 1268 captionem,
460 1116 487 1180 si
515 1117 711 1182 vascularius
740 1122 804 1181 aut
823 1117 914 1182 faber
943 1122 1058 1203 argent
1059 1119 1150 1208 arius

135 1204 227 1269 uxori
250 1205 297 1269 ita
321 1205 473 1289 legasset.

493 1308 537 1362 De
551 1309 673 1378 peccato
691 1311 787 1378 tapeta.

223 1407 273 1472 15.
291 1408 329 1474 D
339 1359 529 1492 33,1,.17pr
548 1407 657 1472 Labeo
671 1409 754 1473 libro
771 1410 908 1475 seeundo
924 1410 1143 1493 posteriorum
1267 1351 1269 1388 i

133 1481 322 1561 aIavoleno
342 1459 661 1581 epitomatorem-7
683 1497 886 1582 Legatumt
859 1522 870 1562 1
887 1521 906 1562 a
924 1502 987 1563 est:
1009 1497 1092 1564 “Aes
1068 1504 1143 1582 trae,
1268 1515 1269 1524 ¹

115 1586 234 1650 ·do'nec
264 1587 379 1665 nubat,
407 1587 644 1671 quinquaginta
609 1586 804 1650 tdamnas
833 1591 903 1651 esto
869 1588 1023 1652 theras
1053 1610 1145 1654 meus

133 1673 220 1738 dare'
238 1695 342 1759 neque
362 1675 503 1757 adscript
504 1698 558 1739 um
576 1674 665 1739 est
656 1697 691 1738 ιιι
710 1696 810 1740 annos
831 1676 999 1760 singulos'
1034 1675 1174 1752 Labeo
1217 1749 1220 1756 ,
1267 1711 1269 1772 ss

133 1762 306 1827 Trebatius
329 1778 483 1848 praesens
507 1765 652 1848 legatum
676 1764 785 1828 deberi
807 1768 866 1847 put
868 1761 954 1830 ant.

164 1878 165 1882 ¹
222 1853 272 1917 16.
297 1852 552 1937 D.‚351,40,.2
578 1853 667 1917 Idem
682 1849 880 1939 (Iavolenus)
899 1854 982 1918 libro
1002 1853 1144 1919 secundo
1268 1899 1269 1926 Ἰ

133 1963 171 2004 ex
197 1941 430 2024 posterioribus
458 1941 698 2006 Labeonis—
732 1941 872 2018 Quidam·
897 1942 984 2007 Titio
1014 1946 1145 2008 centum
1267 1961 1269 1982 ¹

132 2031 311 2129 legaverat
344 2029 455 2094 deinde
487 2029 573 2094 infra
600 2031 647 2094 ita
673 2030 828 2096 iusserat·
865 2028 958 2115 quas
990 2033 1144 2116 pecunias
1187 2065 1195 2074 ·

133 2121 246 2200 cuique
268 2117 385 2200 legavi,
409 2139 462 2182 eas
485 2118 578 2182 heres
602 2139 702 2202 meus,
725 2118 754 2182 si
777 2123 881 2184 mater
905 2142 976 2184 mea
996 2122 1144 2199 moritur,

125 2203 232 2269 ·dato'.
283 2210 368 2269 mort
369 2228 409 2270 ιιο
437 2211 494 2290 pat
495 2228 529 2269 re
480 2205 697 2270 tfamilias
726 2207 788 2271 Tit
765 2210 829 2272 trus
857 2208 981 2273 vixerat
1009 2213 1041 2272 et
1069 2209 1143 2274 viva

135 2297 202 2358 mat
203 2316 237 2357 re
188 2292 411 2358 tfamilias
443 2295 631 2359 decesserat.
683 2300 812 2360 mortua
839 2303 907 2362 mat
907 2319 941 2362 ra
969 2297 1149 2374 heredibus,

134 2382 212 2446 Titii
241 2383 386 2467 legatum
413 2383 522 2448 deberi
550 2382 664 2448 Ofilius
692 2384 871 2470 respondit,
897 2386 1050 2469 quoniam
1077 2409 1144 2452 non

134 2473 193 2534 sub
215 2471 400 2537 condicione
424 2476 508 2538 esset
531 2474 684 2557 legatum,
707 2473 762 2538 sed
786 2477 862 2538 ante
886 2475 1029 2560 legatum
1051 2497 1141 2559 pure,

133 2560 246 2625 dende
269 2561 336 2626 dies
360 2562 504 2626 solvendi
528 2563 660 2627 adiecta.
700 2565 871 2646 videamus,
884 2563 1001 2648 ,inquit
1025 2563 1143 2649 Labeo,

132 2670 171 2714 ac
197 2651 232 2716 id
254 2650 372 2732 falsum
398 2652 451 2732 at,
480 2653 556 2736 quia
582 2652 665 2716 nihil
687 2651 828 2736 intersit,
859 2655 966 2716 utrum
996 2653 1042 2716 ita
1067 2655 1144 2717 seri-

133 2738 242 2804 batur:
267 2738 361 2824 ‘quas
386 2744 537 2825 pecunias
566 2741 681 2824 cuique
704 2741 828 2825 legavi,
852 2762 906 2805 eas
929 2741 1022 2805 heres
1046 2764 1147 2824 meus,

133 2829 160 2891 si
187 2831 291 2892 mater
315 2850 386 2892 mea
412 2830 557 2909 moritur,
582 2828 669 2893 dato'
694 2851 735 2892 an
758 2830 818 2894 ita:
847 2829 922 2894 ‘nisi
946 2834 1050 2895 mater
1073 2854 1146 2896 mea

133 2915 278 2997 moritur,
301 2937 340 2980 ne
364 2916 470 3000 dato'3
493 2916 664 3001 utrubique
689 2918 773 2981 enirn
798 2919 857 2983 sub
883 2919 1070 2984 condicione
1095 2922 1145 2984 vel
1190 2937 1192 2940 ·

133 3006 243 3068 datum
266 3005 318 3067 vel
341 3005 527 3089 ademptum
550 3026 619 3068 esse
642 3006 794 3090 legatum.

222 3123 308 3194 Quod
321 3124 480 3185 Iavolenus
499 3125 602 3184 adicit:
622 3111 784 3186 ‘Labeonis
803 3139 1017 3204 responsum
1031 3123 1147 3208 probo',

133 3212 257 3272 dubium
276 3217 343 3290 est,
357 3218 476 3292 ‚utrum
498 3214 597 3274 Labeo
625 3215 688 3291 ipse
717 3235 835 3294 quoque
864 3217 900 3276 de
930 3218 1086 3294 proposita
1114 3237 1146 3277 re
1268 3237 1269 3240 ¹

133 3299 248 3359 iustum
261 3321 436 3378 responsum
451 3303 567 3364 dederit
581 3323 619 3362 an
633 3305 840 3365 tantummodo
856 3305 891 3365 de
906 3303 987 3364 Ofilii
1000 3325 1144 3384 responso
1267 3359 1269 3386 ,

133 3389 311 3449 iudicaverit
338 3392 554 3468 Iavolenusque
582 3393 743 3469 improprie
770 3393 802 3452 id
827 3412 1002 3471 responsum
1027 3397 1146 3458 dixerit.
1268 3415 1269 3426 ¹

226 3536 238 3582 1
262 3529 306 3586 Ft.
325 3536 415 3602 putat.
