2580 3888
164 177 231 241 380
266 177 301 232 ll.
327 175 394 230 ΤΙΒ.
419 175 494 230 GAll
518 175 647 231 CLAUD.
671 175 805 232 NERON.
824 175 930 231 ΤΕΜΡ.
954 175 1050 231 IURIS
1074 174 1176 233 CONS.

165 343 260 404 ess.et
301 343 335 403 et
355 336 493 404 Sabinus
512 339 603 403 libris
623 338 663 403 ad
686 338 856 404 Vitellium
877 338 991 404 scribit
1009 339 1176 405 fatendum

164 449 235 492 esse
258 428 331 511 plus
355 450 438 512 esse,
467 450 539 493 cum
563 428 613 492 ins
616 432 741 494 tructus
765 428 884 493 fundus
912 429 1050 514 legetur,
1078 449 1176 512 quam

166 517 196 581 si
223 538 295 581 cum
322 517 548 582 instrumento.
616 515 811 582 ..Sabinus
841 517 954 582 definit
980 521 1013 581 et
1041 514 1176 582 Cassius

165 604 250 688 apud
272 605 443 671 Vitellium
469 610 562 671 notat
568 607 714 671 :omnia
738 627 819 690 quae
843 627 881 670 eo
907 605 1065 671 collocata
1094 610 1177 759 sunt,

166 700 203 759 ut
230 694 418 760 instructior
447 698 533 759 esset
559 698 653 778 pater
679 694 832 775 familias,
859 695 1072 780 instructo,
1063 696 1178 780 mquit,

165 783 430 936 {fflnebuntm’
457 783 490 847 id
514 787 564 848 est
594 804 675 868 quae
702 783 749 847 ibi
771 783 899 867 habuit,
928 787 963 848 ut
989 782 1179 848 instructior

333 1011 378 1066 De
395 1016 465 1066 orate
482 1012 585 1066 mundo
603 1011 730 1066 muliebri
802 1012 887 1067 acori
904 1011 1008 1082 leuatis.

256 1121 275 1184 ‘l
282 1119 299 1185 Ρ
315 1120 353 1184 Ι).
364 1121 417 1203 34,
428 1121 457 1200 2,
467 1121 520 1205 32,
530 1120 559 1186 6.
578 1119 698 1185 Paulus
708 1120 790 1185 libro
802 1120 940 1185 secundo
955 1120 995 1184 ad
1006 1119 1177 1186 Vitellium

166 1206 215 1296 (P.
235 1206 347 1295 2075).
378 1245 415 1256 -
445 1208 555 1274 Labeo
587 1212 782 1274 testamento
815 1230 874 1274 suo
902 1207 1056 1273 Neratiae
1084 1211 1180 1276 uxori

167 1319 245 1362 suaa
272 1297 465 1363 nominatim
497 1297 620 1381 legavit
651 1302 774 1362 vestem
804 1298 958 1362 mundum
986 1298 1176 1363 muliebrem

169 1408 296 1452 omnem
321 1389 576 1471 ornamentaque
605 1386 775 1452 muliebria
802 1387 910 1450 omnia
937 1388 1046 1451 lanam
1075 1387 1179 1452 linum

168 1497 346 1561 purpuram
361 1475 568 1540 versicoloria
587 1475 674 1540 facta
692 1475 875 1558 infectaque
890 1476 999 1541 omnia
1014 1480 1047 1540 et
1061 1479 1178 1541 cetera.

168 1563 224 1628 sed
256 1584 323 1629 non
355 1567 461 1628 mutat
498 1564 714 1628 substantiam
751 1587 859 1629 rerum
897 1586 963 1629 non
998 1566 1180 1630 necessaria

167 1652 339 1717 verborum
363 1653 607 1737 multiplicatio,
630 1655 707 1738 quia
728 1653 837 1718 Labeo
856 1656 1051 1718 testamento
1070 1654 1179 1719 lanam

167 1762 205 1806 ac
224 1741 338 1815 deinde
357 1742 564 1807 versicoloria
579 1741 719 1826 scripsit,
738 1743 830 1827 quasi
844 1742 973 1806 desierit
987 1742 1064 1806 lana
1077 1742 1181 1807 tincta

165 1831 242 1895 lana
265 1852 344 1913 esse,
367 1830 576 1915 detractoque
600 1831 696 1895 verbo
719 1830 926 1895 versicoloria
949 1829 1052 1895 nihilo
1072 1831 1179 1894 minus

167 1920 266 1984 etiam
293 1919 501 1984 versicoloria
520 1918 734 2003 debebuntur,
762 1918 790 1983 si
812 1941 877 1983 non
902 1923 1057 2004 appareat
1080 1919 1179 1984 aliam

167 2006 311 2072 defuncti
334 2006 538 2072 voluntatem
561 2006 670 2071 fuisse.

548 2197 592 2252 Dc
606 2215 682 2267 perca
700 2199 797 2271 leonto.

258 2307 287 2371 8.
311 2305 350 2370 D.
369 2307 421 2390 33,
436 2307 466 2384 9,
485 2307 514 2371 3.
553 2307 710 2391 Ulpianus
733 2309 818 2374 libro
841 2309 1016 2374 vicensimo
1041 2309 1181 2374 secundo

169 2395 209 2460 ad
225 2392 446 2482 Sabinum(
462 2393 629 2481 2641).-
647 2396 709 2474 Qui
727 2420 845 2482 penum
864 2398 953 2483 legat
971 2396 1046 2481 quid
1070 2398 1181 2483 legato

168 2484 363 2568 complectet
329 2507 415 2569 aur,
447 2485 620 2551 videamus.
675 2489 708 2551 et
740 2485 879 2563 Quintus
909 2485 1033 2550 Mucius
1067 2485 1183 2550 scribit

171 2573 252 2638 libro
277 2574 449 2640 secundo
440 2575 519 2639 ruris
543 2575 647 2640 civilis
670 2597 753 2660 penu
773 2577 882 2660 legata
904 2574 1072 2655 contineri,
1096 2595 1182 2658 quae

169 2663 238 2727 esui
261 2662 414 2747 potuique
439 2667 523 2728 sunt.
568 2665 654 2729 idern
674 2664 812 2730 Sabinus
836 2664 927 2728 libris
950 2663 990 2727 ad
1010 2661 1067 2726 Vit
1065 2625 1183 2728 'ellium

170 2751 293 2817 scribi.
270 2756 419 2854 tqace·
427 2751 581 2833 barura,
572 2755 686 2838 inquit,
706 2759 809 2836 patras
763 2753 972 2856 rasforrrr'liae
993 2752 1184 2836 axoris<ve>

169 2841 367 2906 liberorumve
390 2841 457 2905 eires
477 2841 524 2905 ecl
544 2841 700 2924 familiae,
727 2863 805 2924 quoe
832 2843 914 2906 circa
940 2861 989 2906 eos
1017 2860 1077 2906 esse
1099 2841 1185 2924 solet,

168 2932 240 2994 item
263 2931 477 3013 ramentorum,
499 2949 578 3010 quae
595 2931 742 2995 dominici
763 2950 838 2996 rrsrrs
856 2950 951 2994 causo
963 2935 1081 3012 parato
1099 2936 1185 2995 sant.

257 3059 293 3118 cf.
315 3059 331 3117 1
349 3078 377 3134 p.
394 3059 444 3116 74.

311 3244 355 3299 De
373 3245 469 3314 repara
486 3245 523 3300 iis
541 3261 610 3314 quoe
627 3247 724 3301 acoris
741 3262 826 3302 caasa
840 3251 946 3316 parato
963 3251 1035 3303 suat.

258 3354 289 3417 9.
310 3351 348 3416 D.
364 3353 416 3431 32,
430 3351 482 3416 45.
506 3351 665 3437 Ulpianus
685 3353 768 3418 libro
784 3353 957 3419 vicensimo
977 3354 1116 3419 secundo
1142 3355 1187 3421 ad

173 3438 328 3504 Sabinum
346 3438 396 3522 (P.
411 3436 522 3526 2635).
544 3477 582 3488 -
604 3440 742 3507 Sabinus
765 3443 857 3507 libris
881 3444 920 3507 ad
940 3442 1111 3508 Vitellium
1136 3445 1188 3510 ita

173 3527 317 3609 scripsit:
340 3529 421 3609 quod
434 3529 469 3592 r'ra
483 3550 540 3595 usu
552 3529 794 3612 frequentissime
807 3537 959 3616 versetur,
978 3537 1012 3598 ut
1025 3533 1059 3597 r’rr
1074 3533 1191 3617 lepatr's
