2508 3896
165 168 241 256 '542
278 190 312 244 11.
339 189 407 244 TIB.
431 189 507 246 GAII
531 189 658 244 GLAUD.
681 187 817 244 NERON.
841 187 948 244 TEMP.
968 187 1068 243 IURIS
1088 189 1184 246 CONS.

69 349 74 360 ’
173 358 421 432 versabwundan,
449 357 503 416 das
530 355 764 417 Justinianiscbe
791 356 888 416 Reoht
914 357 1009 416 kannt
1031 357 1086 416 ihu
1108 357 1187 418 nicht

174 443 278 507 mebr'.
325 446 467 524 Ozyhlara
489 446 624 506 Institut.
648 438 795 521 2p.167.

1235 155 1236 176 l

1234 209 1236 228 l

1234 331 1236 420 l

264 529 400 595 ‘arcteris
419 534 564 614 ossgaco
582 534 618 594 fic
634 535 730 594 verus
747 534 918 594 nominibus
932 535 1186 611 transscripcieiis.
1235 509 1236 572 ἱ

174 627 210 686 fit
229 627 332 685 autem
348 644 456 684 nomen
475 622 744 699 transscripticium
763 623 873 700 duplici
891 625 987 700 modo,
1007 625 1057 684 vel
1076 627 1188 685 arsin

123 737 125 753 ’
173 733 334 792 personam
355 715 405 773 vel
427 732 447 772 a
467 731 595 789 persona
616 713 648 770 in
666 730 833 788 personam.
869 713 910 791 <a
928 731 962 770 re
979 713 1012 772 in
1029 731 1188 789 personam

156 798 404 884 vtrans>scriptio
427 801 470 878 fit,
493 801 589 868 veluti
613 801 638 860 si
660 800 692 858 id
715 801 795 877 quod
811 804 847 860 tu
865 820 900 860 ex
919 802 1083 877 emptionis
1102 821 1188 864 causa

175 895 228 952 aut
252 891 456 952 conductionis
480 893 534 949 aut
556 889 707 950 societatis
730 889 806 948 mibi
828 886 950 966 debeas,
972 890 1004 949 id
1028 910 1188 968 expensum

173 983 231 1042 tibi
251 983 359 1042 tulero.
397 999 415 1039 a
432 998 560 1055 persona
577 979 609 1038 in
626 997 786 1054 personam
802 979 1012 1054 transscriptio
1030 979 1076 1058 fit,
1095 983 1188 1042 veluti

174 1071 200 1132 si
222 1071 254 1129 id
277 1072 355 1146 quod
379 1067 453 1127 mibi
475 1067 574 1127 Titius
598 1068 696 1145 debet,
719 1068 776 1126 tibi
796 1067 829 1126 id
847 1086 1008 1143 expensum
1026 1069 1139 1146 tulero,
1160 1071 1188 1130 id

175 1165 222 1220 est
249 1160 276 1220 si
298 1159 397 1217 Titius
425 1161 456 1217 te
484 1157 669 1234 delegaverit
691 1156 773 1216 mihi.
819 1157 880 1215 alia
902 1174 992 1216 causa
1015 1162 1064 1217 est
1088 1179 1187 1219 eorum

173 1249 329 1308 nominum
357 1265 433 1325 quae
461 1245 577 1305 arcaria
603 1248 756 1305 vocantur.
805 1245 838 1303 in
864 1245 910 1305 his
939 1245 1018 1304 enim
1045 1248 1106 1320 rei,
1133 1268 1188 1308 non

173 1340 344 1398 litterarum
378 1335 521 1411 obligatio
554 1335 703 1410 consistit,
736 1334 844 1410 quippe
871 1352 932 1393 non
959 1334 1050 1394 aliter
1078 1339 1187 1416 valent,

174 1446 264 1504 quam
288 1426 314 1485 si
336 1427 494 1484 numerata
518 1424 557 1484 sit
579 1423 715 1499 pecunie,
736 1423 904 1482 numeratio
924 1425 1026 1482 autem
1044 1428 1186 1501 pecuniae

172 1536 204 1576 re
223 1515 296 1575 facit
315 1513 536 1590 obligationem.
577 1513 690 1588 quade
709 1530 801 1571 causa
818 1515 898 1572 recte
918 1511 1052 1572 dicemus
1072 1514 1186 1575 arcas-ia

173 1605 296 1664 nomina
314 1603 428 1661 nullam
446 1602 543 1660 facere
562 1601 784 1678 obligationem,
806 1601 859 1660 scd
878 1601 1073 1678 obligationis
1092 1605 1187 1665 factae

171 1692 378 1753 testimonium
395 1690 547 1767 praebere.
584 1689 664 1749 unde
682 1683 785 1770 (non)
802 1691 924 1766 proprie
940 1690 1051 1750 dicitur
1065 1695 1187 1753 arcariis

171 1783 341 1842 nominibus
360 1781 453 1840 etiam
469 1779 643 1858 peregrinos
662 1778 799 1854 obligari,
817 1779 888 1854 quia
903 1799 964 1838 non
976 1779 1042 1854 ipso
1059 1783 1187 1859 nominc,

171 1872 224 1931 sed
255 1869 463 1930 numeratione
496 1867 640 1944 pecuniae
673 1867 859 1946 obligantur;
896 1866 977 1944 quod
1008 1888 1108 1946 genus
1141 1872 1187 1931 ob·

170 1959 327 2038 ligationis
350 1959 423 2018 iuris
446 1957 583 2034 gentium
606 1951 671 2016 est'
709 1954 773 2016 Gai.
789 1959 817 2032 3,
833 1958 1017 2016 ras—132.

261 2045 334 2107 171.
358 2041 427 2107 Gai.
442 2044 473 2126 3,
488 2040 561 2106 133.
583 2047 635 2086 -’
648 2039 927 2123 Transscriptieiis
947 2090 977 2106 ..
997 2042 1186 2108 nominibus

1235 1767 1236 1816 l

1234 1819 1236 1860 l

173 2154 215 2196 au
245 2131 431 2214 obligentur
457 2129 636 2214 peregrini,
659 2128 776 2193 merito
800 2129 979 2213 quaeritur,
1008 2131 1087 2214 quia
1112 2153 1187 2217 quo·
1235 2159 1236 2208 q

172 2220 343 2285 dammodo
366 2217 445 2282 iuris
469 2217 574 2283 civilis
594 2221 645 2282 ast
664 2217 741 2282 talis
761 2217 928 2300 obligatio,
952 2219 1038 2302 quod
1058 2218 1188 2286 Nervae

170 2307 303 2395 placuit.
350 2306 473 2372 Sabino
497 2310 606 2371 autem
697 2307 802 2370 visum
826 2311 884 2388 est,
907 2305 936 2371 si
959 2329 978 2370 a
1000 2329 1036 2371 re
1060 2309 1095 2373 in
1120 2331 1187 2394 per·

170 2419 285 2463 sonam
312 2397 371 2462 fiat
397 2418 521 2462 nomen
540 2394 846 2480 transscripticium,
874 2395 972 2460 etiam
994 2400 1188 2482 peregrinos

172 2487 324 2572 obligari,
348 2485 376 2550 si
399 2507 475 2550 vero
499 2508 518 2550 a
541 2507 681 2569 persona
699 2485 732 2548 in
751 2505 935 2570 personam,
951 2507 1019 2549 non
1038 2486 1187 2570 obligari.

259 2574 433 2640 ‘Praeterea
463 2579 633 2639 litterarum
665 2577 811 2654 obligatio
842 2578 908 2637 fieri
939 2578 1061 2638 videtur
1090 2583 1187 2641 chiro·

169 2671 292 2748 graphia
312 2674 343 2729 et
361 2668 548 2746 syngraphis,
566 2668 597 2727 id
616 2670 662 2726 est
680 2668 707 2726 si
725 2668 791 2742 quis
806 2667 914 2726 debere
928 2686 961 2726 se
975 2670 1029 2726 aut
1043 2669 1186 2730 daturum

170 2779 201 2819 se
230 2759 355 2836 scribat,
382 2759 427 2818 ita
455 2757 567 2817 scilicet
595 2757 621 2816 si
648 2774 683 2816 eo
710 2756 831 2815 nomine
859 2756 1015 2832 stipulatio
1038 2776 1102 2817 non
1125 2759 1187 2817 fiat.

150 2851 247 2924 quod
287 2865 382 2926 genus
423 2845 615 2924 obligationis
655 2846 808 2922 proprium
847 2845 1075 2921 peregrinorum
1114 2842 1182 2907 est'.

170 2937 236 2998 Gai.
256 2939 285 3016 3,
306 2939 378 2997 134.
425 2955 484 3012 qua
512 2936 547 2994 de
574 2953 607 2993 re
630 2954 658 2994 v.
681 2935 808 2992 Mitteis:
837 2934 957 2993 Reichs·
985 2935 1046 2992 und
1077 2935 1187 2995 Volks·

168 3028 253 3086 recht
284 3027 316 3084 in
343 3025 401 3084 den
428 3025 574 3084 tstlichen
601 3022 767 3084 Provinzen
794 3023 845 3082 des
873 3027 947 3081 rdm.
974 3021 1189 3084 Kaiserreicbs

168 3106 286 3196 (1891)
309 3135 337 3190 p.
353 3115 418 3173 460
429 3132 493 3190 sqq.

259 3202 325 3262 Hoc
356 3201 452 3278 capite
485 3203 521 3262 de
549 3201 728 3276 argentariis
758 3193 874 3278 quoque
903 3199 1047 3258 Sabinum
1076 3201 1189 3260 dixisse

170 3295 200 3350 et
237 3293 468 3351 consentaneum
507 3294 554 3351 est
591 3293 622 3349 et
653 3309 686 3350 eo
718 3289 874 3366 probabile
905 3289 952 3366 fit,
989 3289 1069 3364 quod
1102 3291 1188 3349 illius

169 3382 417 3438 commentatores
450 3379 486 3438 de
518 3378 623 3438 iisdem
658 3379 755 3457 egisse
791 3380 968 3455 fragmentis
1004 3377 1187 3453 quibusdam

167 3465 288 3525 videtur
318 3465 455 3542 indicari,
488 3467 602 3526 scilicet
633 3467 716 3526 Paul.
741 3468 839 3546 1835,
871 3466 940 3543 Ulp.
965 3469 1062 3528 2915.
1087 3470 1186 3528 2916.

171 3553 266 3610 2917.
302 3553 396 3611 Lenel
418 3555 438 3612 l.
453 3573 477 3613 c.
490 3575 519 3630 p.
536 3555 576 3614 76
588 3572 649 3630 sqq.
