2506 3880
379 169 403 217 ⁷.
426 161 463 217 M.
477 160 669 216 ANTISTIUS
687 160 807 222 LABEO
1032 163 1095 226 193

89 346 159 407 quae
176 325 257 390 uolet
275 325 453 390 trioliuaria
470 325 582 390 sumito
599 325 715 406 sibique
732 324 857 403 babcto',
879 325 908 390 si
925 326 952 390 is
970 326 1097 392 dixisset

87 435 159 496 quae
185 414 289 496 uellet,
317 415 437 497 daude,
464 418 627 495 auuqiuouu
654 435 690 477 ea
711 419 853 493 samuel,
883 415 949 479 alia
971 436 1002 480 sc
1024 415 1097 480 veile

87 504 225 586 dixisset,
253 507 374 568 mutare
395 503 579 567 voluntatem
601 523 669 567 euru
692 524 755 568 uou
773 522 875 589 posse,
903 505 1027 569 utalia
1048 525 1098 571 su-

87 597 184 675 meret,
209 593 288 674 quio
310 611 398 657 orario
415 592 466 656 ius
484 592 575 674 lopati
586 593 697 674 prima
715 593 878 676 testatione,
901 613 962 674 quo
980 613 1098 659 sumere

86 701 113 746 sc
137 682 284 763 dixisset,
315 680 502 762 consumpsit
526 681 690 763 [quomam
717 702 765 746 ros
791 682 934 746 coutiuuo
961 684 1027 748 eicos
1053 685 1099 766 fit,

85 771 178 835 simul
200 790 239 834 oc
261 789 293 834 so
314 770 427 834 dicauit
447 790 515 835 eam
537 769 681 852 euenere]

173 859 230 924 59.
249 857 287 922 D.
299 858 351 942 32,
361 858 403 922 29
409 881 456 942 pr.
491 857 600 923 Labeo
620 858 702 922 libro
723 857 861 923 secundo
880 859 1098 942 posteriorum

86 970 103 1012 a
119 947 282 1014 Iauoleno
302 946 560 1029 epitomatorum.
577 984 613 993 —
634 946 697 1024 Qui
716 946 927 1012 concubinam
945 946 1099 1031 habebat,

85 1036 113 1101 ei
135 1039 267 1102 vestem
290 1036 408 1120 prioris
431 1036 629 1101 concubinae
647 1037 801 1101 utendam
821 1035 962 1119 dederat,
985 1035 1098 1100 deinde

24 1159 25 1206 t
84 1125 128 1190 ita
161 1123 289 1210 legavit
322 1123 456 1189 ‘vestem
490 1147 571 1208 quae
604 1125 672 1189 eius
710 1147 807 1190 eausa
842 1129 951 1208 empta
983 1129 1099 1208 parata

24 1207 25 1228 ¹
86 1214 193 1280 esset'.
241 1211 417 1279 Cascellius
441 1213 611 1278 Trebatius
639 1219 762 1299 negant
790 1213 819 1277 ei
848 1213 957 1277 deberi
979 1213 1098 1297 prioris

23 1297 24 1304 ἵ
86 1302 288 1368 concubinae
316 1323 412 1366 causa
439 1305 567 1388 parata,
595 1303 669 1386 quia
697 1302 762 1367 alia
785 1302 931 1368 condicio
956 1306 1042 1367 esset
1064 1303 1099 1365 in

86 1413 193 1457 uxore.
237 1389 346 1454 Labeo
367 1390 400 1454 id
423 1413 488 1456 non
508 1391 634 1476 probat,
657 1391 732 1475 qnia
755 1392 788 1454 in
812 1390 967 1456 eiusmodi
990 1391 1098 1475 legato
1155 1387 1159 1400 '

85 1503 149 1546 non
182 1481 234 1545 ius
269 1479 418 1544 uxorium
455 1479 663 1564 sequendum,
700 1480 754 1544 sed
791 1480 964 1545 verborum
1001 1481 1099 1544 inter-

85 1571 228 1653 pretatio
264 1572 349 1632 esset
382 1568 528 1634 facienda
560 1568 709 1654 idemque
742 1568 792 1634 vel
825 1569 859 1632 in
891 1569 958 1633 filia
986 1569 1035 1632 vel
1066 1571 1100 1633 in

22 1671 23 1740 l
85 1658 233 1743 qualibet
257 1657 320 1721 alia
343 1679 480 1740 persona
502 1658 581 1722 iuris
606 1661 699 1721 esset

367 1822 413 1882 De
436 1824 543 1882 muodo
565 1825 698 1882 muliebri
721 1824 819 1897 lepato.

176 1933 230 1997 60
260 1930 298 1996 D.
318 1932 370 2013 34,
384 1933 414 2015 2,
429 1932 471 1996 39
482 1954 529 2015 pr
578 1931 750 1998 Iavolenus
783 1932 867 1997 libro
895 1932 1033 1998 secundo
1063 1957 1102 1998 ex

21 2048 22 2120 ,
85 2021 324 2107 posterioribus
348 1982 579 2085 Labeonis—
599 2019 633 2085 Si
657 2023 749 2087 uxori
772 2023 909 2087 mundus
935 2022 1101 2088 muliebris

21 2113 216 2214 legatus
241 2115 335 2191 esset,
350 2131 396 2173 ea
418 2111 644 2175 tantummodo
667 2111 774 2176 deberi
794 2109 908 2176 Ofilius
927 2112 1036 2178 Labeo
1055 2134 1101 2177 re

21 2232 22 2242 ¹
21 2193 302 2302 spondeum,
336 2220 416 2283 quae
450 2220 488 2263 ex
519 2199 570 2264 his
598 2199 718 2265 tradita
745 2204 781 2264 ut
767 2200 856 2265 tendi
884 2224 981 2267 causa
1009 2201 1103 2267 uxori

21 2353 22 2356 ,
87 2312 105 2353 a
129 2289 200 2354 siro
226 2288 379 2351 fuissent.
404 2287 498 2351 aliter
521 2289 606 2353 enim
629 2289 787 2373 interpret
788 2313 829 2355 an
773 2291 918 2356 ttibus
943 2314 1101 2356 summam

21 2379 22 2410 ³
86 2378 156 2443 fore
173 2375 385 2529 .⁰btPli⁰¹¹⁹m³
413 2378 441 2440 si
470 2378 665 2442 saecularius
695 2382 750 2442 aut
736 2378 868 2443 tfaber
898 2382 1101 2465 argentarius

86 2467 182 2532 uxori
207 2466 254 2529 ita
277 2464 427 2548 legasset.

160 2613 211 2673 Dc
234 2613 320 2671 rebus
341 2615 441 2671 uuoris
463 2631 554 2672 causa
575 2613 662 2684 factis
679 2614 852 2685 paratisque
875 2615 900 2670 oi
923 2615 1031 2686 lupatis.

179 2724 233 2788 61.
258 2721 299 2786 D.
318 2723 369 2801 32,
386 2723 458 2807 100,
473 2724 502 2787 2.
537 2721 709 2786 Iavolenus
728 2721 812 2786 libro
833 2722 971 2786 secundo
991 2745 1029 2786 ex
1048 2746 1103 2807 po-

85 2812 285 2878 sterioribus
305 2810 474 2877 Labeonis.
496 2849 531 2858 -
555 2809 668 2876 ‘Uxori
688 2831 777 2875 meae
796 2813 928 2893 uestem,
947 2811 1102 2875 mundum

21 2939 22 2974 3
85 2901 296 2982 muliebrem,
325 2904 515 2965 ornamenta
538 2901 659 2984 omnia,
688 2923 800 2965 aurum
824 2905 994 2986 argentum
1018 2901 1103 2985 quod

84 2991 156 3056 ciue
187 3011 287 3054 causa
310 2987 430 3053 factum
453 2993 665 3076 paratumque
688 2991 803 3072 es[se]t
826 3012 920 3055 omne
944 2989 984 3054 do
1007 2987 1103 3073 lego'.

85 3079 255 3146 Trebatius
278 3077 351 3142 baec
372 3079 462 3143 oerba
489 3077 582 3160 ‘quod
602 3082 667 3145 eius
689 3100 784 3144 causo
804 3079 924 3160 factum
944 3081 1104 3161 paratum-

82 3191 143 3252 quc
172 3166 230 3233 ost'
254 3167 298 3231 od
318 3187 431 3232 aurum
453 3172 482 3232 et
504 3172 664 3250 arpoutuuo
687 3170 853 3233 dumtaxat
874 3168 985 3248 refusi
1004 3171 1103 3249 putot.

464 3333 510 3391 De
532 3348 613 3390 soroo
638 3332 735 3407 lepato.

179 3442 234 3506 62.
254 3440 291 3504 D.
307 3442 359 3526 34,
373 3441 403 3527 5,
417 3443 469 3509 28.
506 3439 678 3507 Iavolenus
697 3443 778 3507 libro
797 3440 894 3507 tertio
914 3465 952 3507 ex
970 3442 1105 3526 posteri·
1222 3497 1226 3534 ,

21 3613 22 3634 ,
87 3531 203 3596 oribus
229 3529 396 3596 Labeonis.
424 3567 460 3576 -
488 3531 549 3612 Qui
574 3531 703 3597 tuebar
727 3531 879 3596 Flaccum
903 3532 1055 3613 fullouoru
1077 3534 1106 3594 et

142 3625 244 3692 rurum.
258 3645 375 3685 musam.
390 3645 439 3684 1011.
454 3644 487 3684 aa
502 3645 602 3686 neema.
625 3645 657 3685 m
859 3640 891 3689 13
