2512 3888
397 159 421 209 2.
447 151 628 209 MASURIUS
648 152 800 209 SABINUS
1035 153 1101 217 455

97 321 281 398 Pomponius
303 323 334 382 et
351 321 462 380 Paulus
484 320 516 379 in
537 320 624 379 libris
647 320 684 379 ad
704 320 847 379 Sabinum
870 322 906 381 do
927 323 982 381 hoc
1000 321 1101 398 legato

97 411 245 472 dixerunt.
291 410 384 470 Lenel
406 410 425 468 l.
444 427 467 470 c.
487 429 515 486 p.
530 410 571 469 46
596 409 633 467 de
655 408 775 467 rubrica
797 409 926 469 dubitet:
957 403 1014 470 ‘Ob
1039 409 1101 470 dies

96 499 197 576 Legat
227 500 275 559 bei
309 498 435 562 Sabinus
459 497 603 576 noricam,
640 498 724 557 steht
753 496 851 556 dahin.
905 498 960 558 Bei
990 497 1102 574 Ulpiau

91 588 197 648 'finden
228 589 283 648 wir
311 606 341 646 es
368 586 451 646 nicht
478 605 514 645 ex
541 587 674 661 professo
701 584 869 644 bebandelt.
919 586 1102 665 Verdtchtig

96 677 147 754 ist,
170 676 239 736 dass
262 675 443 751 Pomponius
466 674 502 734 D.
519 677 569 751 33,
586 677 668 747 10,1
694 675 828 750 supellex
847 675 891 733 als
909 675 1101 735 domesticum
1192 733 1194 737 ,

95 764 346 842 patrisfamiliae
369 765 650 824 instrumentum
675 762 823 837 definiert;
847 762 894 822 die
917 763 1102 842 Erbrterung

97 853 209 913 kbnnte
232 853 373 912 hiernach
396 852 464 912 sehr
486 853 566 912 wohl
588 871 627 911 au
645 851 698 911 das
717 852 950 910 instrumentum
969 852 1102 929 legatum

97 942 285 1020 angelrndpft
309 935 392 1003 sein'
432 941 534 1018 itaque
557 960 647 1018 quam
669 940 819 1000 rubricam
840 941 872 1000 in
894 939 1103 1016 Paliugenesia

96 1030 179 1108 apud
213 1031 411 1106 Pomponium
450 1029 529 1089 libro
565 1029 620 1088 VI:
675 1023 731 1088 ‘De
768 1029 965 1088 instrumento
1002 1029 1102 1106 legato

95 1122 129 1179 et
164 1120 343 1196 supellectili
374 1111 487 1194 legata'
519 1119 672 1196 proponit,
709 1137 774 1177 eam
806 1117 886 1195 apud
912 1117 1041 1176 Paulum
1072 1116 1103 1175 in

97 1209 152 1267 has
175 1206 248 1267 duas
272 1207 426 1284 discerpit:
450 1200 505 1265 ‘De
528 1207 726 1266 instrumento
749 1207 797 1268 val
819 1207 967 1266 instructo
990 1199 1102 1282 legato’

95 1299 128 1356 et
156 1289 212 1354 ‘De
240 1295 419 1372 supellectili
445 1289 566 1372 legata'.
617 1297 694 1372 quod
722 1294 845 1371 Ulpiani
870 1296 1038 1371 fragmenta
1066 1293 1102 1354 de

96 1384 278 1460 supellectili
304 1385 406 1461 legata
432 1383 553 1461 desunt,
583 1402 677 1460 aeque
705 1383 885 1444 Triboniano
911 1383 1103 1450 tribuendum

96 1472 224 1533 videtur.

186 1560 349 1619 Luxuriam
363 1560 551 1637 peregrinam
564 1559 596 1619 in
607 1560 766 1636 magnifica
774 1561 911 1638 inprimis
922 1560 1103 1636 supellectili

96 1647 266 1708 adhibenda
291 1648 353 1707 iam
379 1649 535 1725 vulgatam
562 1648 648 1708 initio
675 1649 861 1724 principatus
887 1649 968 1709 viros
995 1665 1102 1724 gravas

98 1737 237 1797 cohibere
274 1740 468 1814 veterumque
505 1735 682 1796 modestiam
716 1755 855 1797 revocare
891 1756 926 1796 ao
962 1737 1103 1796 reducere

97 1826 249 1886 studuisse
286 1827 416 1903 constat,
448 1825 513 1900 ipso
541 1825 675 1901 principe
704 1827 841 1902 Augusto
869 1825 993 1904 antiquo
1020 1845 1102 1885 more

96 1917 211 1974 utente.
258 1913 339 1973 Suet.
362 1914 439 1991 Aug.
466 1916 505 1974 73
535 1908 742 1974 ‘instrumenti
769 1914 833 1973 eius
856 1918 887 1973 et
910 1915 1103 1990 supellectilis

98 2003 280 2079 parsimonia
320 2005 445 2079 apparet
485 2003 575 2062 etiam
610 2021 689 2061 nuuc
726 2002 853 2062 residuis
890 2003 975 2063 lectis
1012 2008 1102 2080 atqua

96 2093 216 2170 mensis,
239 2111 367 2168 quorum
390 2092 530 2169 pleraque
549 2091 599 2152 vix
616 2091 751 2168 privatae
770 2092 937 2170 elegantiae
956 2093 1025 2153 sint.
1065 2112 1102 2151 ne

96 2185 164 2240 toro
198 2180 316 2257 quidem
348 2180 485 2240 cubuisse
517 2180 603 2239 aiunt
635 2180 693 2240 nisi
723 2181 832 2240 humili
858 2183 889 2240 et
916 2181 1030 2241 modice
1058 2181 1103 2240 in-

97 2263 214 2329 strata'.
260 2267 367 2346 Capito
395 2269 499 2328 attufit
526 2273 646 2329 senatus
674 2269 839 2346 decretum,
866 2269 898 2328 iu
921 2289 979 2348 quo
1001 2269 1104 2329 iuben·

99 2365 152 2416 tur
174 2357 320 2433 principes
344 2357 472 2417 civitatis
496 2357 595 2417 iurare
618 2358 699 2433 apud
717 2357 861 2436 consules,
885 2378 916 2418 so
935 2359 1053 2436 argenti
1071 2358 1104 2416 iu

97 2445 234 2506 convivio
262 2465 322 2505 non
348 2446 417 2521 plus
443 2445 541 2521 pondo
570 2463 659 2520 quam
686 2444 777 2505 libres
806 2450 926 2506 contum
953 2447 1102 2507 illaturos.

97 2532 173 2594 Geli.
190 2535 218 2608 2,
233 2536 283 2612 24,
300 2536 318 2593 2
338 2527 445 2613 (supra
461 2554 489 2610 p.
506 2525 593 2614 285).
630 2533 749 2593 Tiberio
767 2534 900 2610 principe
920 2553 946 2593 a.
962 2538 1001 2596 16
1023 2534 1102 2610 apud

96 2625 198 2700 patres
227 2616 402 2684 ‘decretum'
425 2624 484 2698 est,
509 2615 557 2680 ‘ne
583 2637 657 2681 vasa
684 2639 759 2681 auro
782 2621 878 2681 solida
900 2622 1103 2682 ministrandis

95 2711 173 2771 cibis
200 2705 326 2770 fierent'.
368 2704 504 2770 ‘excessit
525 2709 637 2768 Fronto
661 2728 694 2769 ac
716 2709 883 2786 postulavit
908 2709 1030 2769 modum
1057 2729 1103 2770 ar-

96 2802 187 2880 gento
206 2799 386 2876 supellectili
404 2791 555 2858 familiae?
586 2798 653 2858 Tac.
668 2817 736 2859 ann.
751 2801 781 2875 2,
792 2800 842 2858 33.
878 2797 992 2858 usitata
1010 2817 1103 2876 quae-

96 2889 166 2948 dam
187 2907 260 2948 vasa
281 2887 387 2948 fictilia
410 2887 501 2947 etiam
522 2890 588 2947 tum
611 2881 695 2948 ‘vasa
712 2880 841 2948 Numae’
865 2886 1101 2964 appellabantur.

95 2977 178 3037 Pers.
194 2980 223 3055 2,
239 2980 289 3038 59.
325 2977 390 3037 Iuv.
409 2979 437 3053 6,
454 2978 525 3037 342.
562 2977 600 3036 of.
622 2976 799 3054 Marquardt
821 2976 881 3036 VH
903 2996 931 3053 p.
948 2977 1020 3037 634.
1066 2976 1102 3036 da

95 3066 204 3144 prioris
228 3066 339 3126 saeculi
361 3065 520 3126 severitate
543 3065 592 3125 vel
614 3064 646 3124 in
668 3065 829 3125 Iustiniani
848 3063 982 3142 Digestis
1005 3083 1101 3126 sermo

95 3157 149 3214 est.
197 3154 233 3214 D.
248 3157 299 3229 33,
315 3156 364 3233 10,
380 3157 441 3231 7,1
472 3151 589 3212 Celsus:
622 3148 641 3211 ἱ
661 3200 668 3212 .
687 3202 695 3215 .
717 3154 807 3214 fictili
833 3157 886 3213 ant
917 3154 1018 3232 lignea
1049 3157 1103 3215 aut

94 3243 192 3304 vitrea
219 3248 273 3303 aut
300 3261 387 3302 aerea
414 3241 540 3318 denique
568 3241 747 3319 supellectili
769 3237 953 3303 utebantur’.
999 3243 1035 3303 D.
1051 3245 1102 3319 33,

96 3334 149 3477 ‘1⁶0³
163 3330 645 3497 .3ir{teidrdludrg1ddidumluirrdd
676 3327 1102 3496 ddsesiimddiielddctiiifflnbb

95 3507 191 3566 ullum
220 3526 272 3568 vas
296 3511 471 3585 argenteum
494 3508 657 3567 secundum
681 3509 793 3570 saeculi
815 3510 1007 3572 severitatem
1028 3530 1101 3571 non·
