2568 3890
13 2405 15 2458 i

387 183 412 232 7.
434 177 471 234 Μ.
489 175 679 232 ANTISTIUS
698 177 817 233 LABEO
1041 175 1105 240 241

96 342 126 406 si
148 341 272 406 fossam
295 341 364 405 iure
387 339 507 404 factam
531 344 587 404 aut
609 341 698 405 cuius
724 340 880 404 memoria
901 362 969 404 non
992 343 1109 424 exstat,

97 430 153 516 agi
179 433 289 495 tecum
315 451 410 512 posse
439 450 541 514 aquae
569 429 696 514 pluviae
720 429 886 514 arcendae,
916 434 952 494 ut
974 429 1107 495 reficias.

187 519 240 583 96.
264 518 302 583 D.
321 517 396 582 ibid.
415 520 435 598 ξ
454 519 483 583 8.
502 553 544 564 -
566 515 656 581 Idem
680 516 787 582 Labeo
811 517 865 600 ait,
888 539 961 582 cum
984 519 1108 603 quaeri·

96 611 160 688 tur,
185 629 227 671 an
251 607 406 672 memoria
428 609 533 671 exstet
554 605 641 672 facto
666 628 770 690 opere,
793 627 858 670 non
880 606 965 670 diam
984 610 1016 671 et
1034 629 1107 672 con-

98 697 203 762 sulem
226 695 267 760 ad
290 695 449 781 liquidum
472 694 711 780 exquirendum,
735 694 789 759 sed
809 694 964 776 sufficere,
988 696 1108 781 siquis

98 785 183 850 sciat
205 784 328 850 factum
352 806 435 868 esse,
457 784 519 850 hoc
542 788 604 867 est,
630 784 658 848 si
680 783 803 849 facturn
827 804 985 848 essenon
1009 786 1109 849 ambi·

97 879 208 960 gutur,
242 895 301 938 nec
329 873 438 957 utique
465 894 595 938 neeesse
622 894 691 936 esse
722 893 888 956 superesse
916 872 971 957 qui
998 874 1108 937 memi-

96 962 215 1044 nerint,
238 983 349 1027 verum
373 961 470 1026 etiam
492 962 520 1026 si
539 961 593 1046 qui
612 962 773 1026 audierint
791 983 855 1045 eos,
879 960 936 1046 qui
954 962 1109 1026 memoria

96 1051 269 1118 tenuerint.

187 1141 240 1204 97.
268 1138 307 1204 D.
325 1138 401 1205 ibid.
419 1141 440 1220 ξ
459 1139 489 1203 9.
516 1175 560 1186 -
587 1137 676 1202 Idem
703 1139 810 1204 Labeo
839 1138 898 1222 ait,
930 1139 957 1202 si
985 1138 1109 1203 vicinus

97 1227 294 1294 torrentem¹
322 1228 488 1312 averterit,
520 1249 560 1292 ne
588 1249 673 1312 aqua
699 1227 739 1291 ad
767 1250 840 1293 eum
867 1227 1048 1312 perveniat,
1075 1231 1109 1292 et

98 1317 162 1383 hoc
190 1317 285 1382 modo
314 1317 356 1382 sit
383 1316 546 1396 effectum,
573 1322 611 1380 ut
636 1317 741 1382 vicino
764 1322 930 1399 noceatur,
959 1316 1013 1399 agi
1037 1337 1109 1381 eum

98 1428 137 1472 eo
171 1427 272 1491 aquae
304 1405 432 1490 pluviae
461 1404 615 1469 arcendae
643 1427 709 1470 non
735 1427 845 1490 posse3
878 1426 995 1489 aquam
1023 1404 1110 1470 enirn

97 1517 208 1560 arcere
232 1495 294 1560 hoe
317 1516 386 1559 esse
409 1515 529 1575 curare,
552 1515 592 1558 ne
615 1491 739 1560 influat.

191 1584 243 1649 98.
262 1583 301 1648 D.
316 1583 367 1664 39,
383 1585 412 1664 3,
426 1583 457 1649 5.
492 1581 611 1647 Paulus
630 1583 714 1648 libro
733 1583 1003 1668 quadragensimo
1022 1604 1108 1647 nono

99 1673 140 1737 ad
164 1672 302 1737 edietum
326 1667 377 1759 (P.
397 1672 486 1755 633).
509 1706 551 1718 -
577 1669 611 1736 Si
638 1672 772 1736 colonus
800 1671 956 1737 insciente
979 1671 1109 1736 domino

99 1784 181 1846 opus
200 1760 320 1843 fecerit,
339 1781 378 1826 cx
397 1782 459 1844 quo
479 1783 563 1846 aqua
583 1761 688 1825 vicino
708 1763 830 1842 noceat,
853 1758 960 1825 Labeo
980 1781 1110 1844 respon·

99 1850 148 1915 dit
170 1851 321 1916 colonum
344 1849 514 1914 interdicto
539 1849 626 1934 quod
646 1850 679 1913 vi
697 1852 753 1915 aut
771 1849 855 1913 clam
873 1849 986 1932 teneri,
1011 1849 1109 1914 domi-

99 1962 178 2004 num
201 1961 275 2004 vero
300 1938 391 2003 fundi
413 1960 514 2023 aquae
538 1939 664 2022 pluviae
688 1938 844 2003 arcendae
868 1938 1006 2022 actione,
1032 1937 1110 2022 quia

99 2028 129 2093 is
157 2029 244 2092 solus
273 2027 443 2092 restituere
472 2049 552 2112 opus
575 2030 696 2112 potest3
728 2027 784 2091 sed
806 2027 998 2112 patientiam
1022 2027 1110 2091 dum·

99 2121 194 2182 taxat
217 2138 289 2181 eum
310 2120 475 2200 praestare
498 2116 623 2199 debere,
647 2118 674 2181 si
698 2115 728 2180 ei
751 2115 861 2181 damni
879 2116 990 2181 infecti
1009 2117 1110 2201 stipu-

99 2206 220 2270 latione
240 2208 400 2289 eaveatur,
424 2208 466 2290 et,
488 2205 516 2269 si
535 2228 630 2291 quam
651 2206 832 2290 impensam
851 2205 885 2269 in
903 2205 1109 2270 restitutione

99 2295 206 2380 operis
233 2294 358 2378 fecerit,
390 2297 636 2359 consecuturum
665 2316 685 2358 a
711 2294 827 2359 colono
855 2294 953 2359 locati
982 2297 1108 2359 actione

99 2381 179 2469 [nisi
215 2382 244 2447 si
275 2382 347 2466 quis
379 2383 450 2448 ideo
487 2405 551 2447 non
588 2386 693 2467 putet,
729 2383 882 2468 quoniam
913 2405 979 2448 non
1010 2383 1110 2447 fuerit

98 2492 230 2537 neccsse
253 2471 360 2557 ipsum
381 2471 578 2556 restitucrc];
601 2470 657 2536 sed
676 2471 703 2535 si
721 2472 810 2536 iussu
829 2471 952 2535 domini
970 2471 1110 2554 fecisset,

100 2560 200 2625 etiam
222 2560 394 2625 interdicto
418 2559 584 2624 dominum
607 2560 719 2625 teneri.

190 2649 241 2714 99.
272 2649 312 2713 D.
336 2649 388 2727 39,
411 2649 441 2732 3,
464 2649 494 2726 2,
520 2648 569 2714 10.
623 2647 744 2712 Paulus
767 2647 788 2712 l.
812 2668 837 2711 c.
867 2643 916 2733 (P.
941 2643 1030 2732 632).
1065 2683 1110 2696 -

171 2736 278 2802 Labeo
302 2741 408 2821 putat,
433 2737 462 2801 si
484 2737 556 2820 quis
578 2736 683 2802 vicino
707 2734 764 2818 <in
785 2735 877 2821 iure>
901 2737 1033 2801 cesserit
1055 2737 1106 2801 ius

100 2827 132 2892 ei
154 2848 224 2892 esse
248 2848 364 2912 aquam
385 2825 570 2911 immittere,
594 2847 695 2910 aquae
713 2825 841 2910 pluviae
860 2823 1014 2890 arcendae
1034 2847 1107 2889 eum

13 2899 14 2952 i
99 2935 197 3001 agere
220 2937 285 2980 non
308 2937 411 2999 posse.

193 3005 265 3069 100.
288 3003 328 3069 D.
342 3005 394 3090 39,
409 3004 439 3089 3,
456 3005 504 3069 19.
532 3004 731 3088 Pomponius
749 3004 832 3068 libro
852 3005 966 3088 quarto
986 3000 1109 3066 decimo

99 3093 143 3158 ad
158 3092 315 3169 Quintum
331 3093 473 3159 Mucium
492 3090 542 3179 (P.
555 3091 645 3178 269).
659 3129 701 3140 -
715 3093 824 3158 Labeo
844 3092 899 3171 ait,
918 3092 946 3155 si
965 3089 1110 3176 patiente

13 3219 34 3224 =·
99 3181 208 3248 vicino
228 3203 308 3267 opus
327 3182 454 3265 faciam,
477 3204 516 3247 ex
537 3203 599 3266 quo
619 3182 649 3246 ei
668 3203 751 3265 aqua
768 3182 878 3265 pluvia
896 3184 1019 3262 noceat,
1043 3200 1108 3243 non

99 3272 205 3337 teneri
229 3293 279 3336 me
303 3271 428 3336 actione
453 3292 555 3356 aquae
578 3272 704 3353 pluviae
727 3270 889 3334 arcendae.

193 3359 265 3426 101.
293 3359 332 3426 D.
346 3361 397 3443 39,
412 3361 442 3439 3,
456 3361 486 3443 2,
500 3358 531 3426 5.
575 3358 695 3424 Paulus
722 3358 806 3422 libro
836 3356 1110 3443 quadragensimo

174 3556 189 3606 1
209 3550 256 3607 Fr.
276 3551 378 3607 flumen
395 3553 556 3608 torrentem.

155 3651 251 3700 Iurirpr.
265 3651 383 3694 antehadr.
397 3651 446 3693 rell.
460 3649 494 3693 ed.
508 3651 608 3692 Bremer.
633 3649 664 3690 Π.
867 3643 899 3694 16
