2506 3880
409 139 435 189 ’1.
457 135 495 190 M.
513 133 702 190 ANTISTIUS
720 133 838 191 LABEO
1086 134 1142 202 87,

118 295 365 380 repudiantibus
392 297 439 361 eis
461 297 532 380 ipse
554 296 638 363 liber
660 295 816 383 heresque
839 298 1012 381 exstiterit,
1033 319 1129 384 posse

119 385 182 452 diei
206 385 246 449 de
268 386 394 469 peoulio
418 407 491 451 eum
504 386 677 451 eonveuiri
700 386 794 451 etde
817 387 851 452 15
872 408 941 451 rem
963 409 1067 452 verso.

211 476 262 540 13.
292 472 333 538 D.
354 473 432 539 ibid.
454 475 541 555 512.
566 511 605 522 -
634 473 685 539 Ex
707 474 826 539 firrtiva
848 497 945 540 oausa
966 476 1035 540 filio
1057 477 1128 560 qui-

117 564 194 629 dem
211 564 355 628 familias
374 563 500 629 5551151
517 585 612 647 posse
630 568 769 630 constat
806 586 848 629 an
865 586 941 630 vero
955 565 1128 651 inpetrem

117 653 171 719 vel
196 654 233 717 in
255 652 419 717 dominum
442 652 481 716 de
503 652 630 737 peaulio
653 652 758 717 danda
786 656 848 735 est,
875 655 1045 737 quaeritur.
1096 658 1129 719 et

116 747 171 807 est
200 741 322 824 verius,
352 742 387 806 in
423 747 581 826 quantum
617 741 807 825 locupletior
839 741 987 806 dominus
1022 742 1127 808 faetus

118 835 207 896 esset
237 852 278 894 ex
309 830 396 895 furto
428 833 529 915 15515,
560 830 720 895 actionem
752 829 792 895 15
822 830 949 914 peculio
981 830 1127 897 dandam

114 919 204 984 idem
231 917 340 984 Labeo
368 920 500 1002 probat,
527 919 602 1003 quia
628 918 867 1003 iniquissimum
897 923 947 984 est
974 941 1014 984 ex
1041 919 1127 987 furto

116 1009 204 1073 servi
227 1007 391 1073 dominum
413 1008 605 1092 locupletari
626 1007 765 1093 impune.

209 1119 401 1180 Confirmatio
420 1118 584 1180 sententiae
603 1119 641 1178 ab
654 1118 785 1194 Ulpiano
803 1119 924 1180 videtur
937 1119 1041 1180 addita
1054 1139 1127 1183 esse.

209 1231 260 1295 14.
292 1227 331 1294 D.
353 1228 408 1314 15,
427 1231 460 1312 1,
479 1230 508 1294 6.
553 1227 665 1296 Celsus
692 1229 776 1294 libro
801 1234 893 1295 sexto
916 1230 1127 1315 Digestorum

115 1319 169 1406 (P.
183 1315 267 1405 tlh).
289 1355 331 1364 —
354 1317 505 1400 Definitio
522 1318 637 1400 perstiti
658 1338 752 1400 quam
777 1319 894 1384 Tubero
916 1321 1066 1401 exposuit,
1089 1323 1127 1384 ut

114 1409 227 1474 Labeo
252 1407 313 1492 511,
334 1408 378 1472 ad
396 1408 583 1472 5555515555
601 1408 722 1489 peralto
745 1427 809 1472 aon
825 1409 966 1490 pertinet.

205 1519 251 1578 De
274 1518 430 1578 Tuberone
452 1539 479 1579 v.
498 1518 514 1576 I
536 1539 565 1595 p.
586 1519 658 1579 363.

210 1629 260 1695 15.
282 1627 321 1693 D.
337 1629 388 1709 15,
404 1628 432 1704 1,
448 1629 466 1692 7
469 1678 477 1711 ‚
491 1627 522 1692 5.
562 1627 720 1712 Ulpianus
742 1628 827 1693 libro
846 1628 1022 1696 vicensimo
1040 1653 1125 1698 nono

114 1719 158 1785 ad
174 1719 314 1784 edietum
324 1715 374 1804 (P.
384 1713 488 1804 abab).
506 1753 544 1763 -
620 1719 694 1782 etsi
709 1715 784 1801 quid
797 1716 877 1782 furti
892 1718 1017 1782 5511555
1032 1741 1125 1787 servo

114 1809 288 1874 deberetur
311 1805 362 1870 vel
385 1807 451 1870 5115
475 1807 666 1883 5511555111
688 1806 849 1890 peculium
873 1809 1126 1894 computabitur,

113 1896 280 1963 hereditas
303 1915 430 1978 quoque
453 1898 486 1958 et
509 1895 660 1978 legatum,
683 1898 721 1958 ut
742 1892 851 1958 Labeo
875 1895 932 1960 ait.

209 1985 261 2050 16.
282 1984 322 2048 D.
336 1983 387 2066 15,
404 1984 432 2066 1,
445 1983 499 2048 43.
534 1983 653 2048 Paulus
676 1982 760 2048 libro
784 1983 973 2068 brigensimo
997 1985 1037 2050 ad
1060 1987 1125 2052 edi·

112 2078 205 2141 etum
224 2071 273 2157 (P.
286 2071 377 2156 467).
392 2107 438 2118 -
456 2069 491 2137 si
508 2076 720 2156 posteaquam
738 2077 845 2137 tecum
864 2073 903 2136 de
920 2075 1045 2158 peculio
1064 2077 1125 2162 egi,

111 2167 193 2228 ante
211 2183 281 2226 rem
298 2160 471 2226 iudicatam
491 2183 618 2226 servum
636 2160 826 2246 vendideris,
839 2161 947 2228 Labeo
967 2163 1014 2229 511
1026 2167 1126 2230 etiam

111 2253 196 2318 eius·
208 2249 326 2336 peonlii
347 2251 492 2332 nomine,
518 2249 602 2335 quod
630 2251 715 2334 apud
742 2256 919 2336 emptorem
943 2255 1126 2337 quaesierit,

112 2339 265 2406 damnari
285 2343 318 2404 te
337 2337 453 2404 debere
475 2360 536 2404 neo
553 2339 801 2404 succurrendum
823 2340 898 2426 tibi3
920 2342 1015 2426 eulpa
1038 2344 1123 2408 enim

112 2437 175 2494 tua
197 2427 229 2493 id
252 2427 417 2510 555111555,
440 2428 494 2511 qui
518 2449 645 2493 servum
667 2429 875 2494 vendidisses.

206 2518 257 2582 17.
280 2515 319 2580 D.
336 2516 466 2600 15,2,1,
481 2517 531 2584 10.
563 2515 724 2600 Ulpianus
742 2516 825 2582 libro
845 2517 1019 2583 vicensimo
1037 2541 1124 2585 nono

110 2606 156 2672 ad
176 2606 316 2672 edietum
333 2602 382 2693 (P.
392 2603 480 2692 860).
497 2641 535 2652 —
552 2603 741 2680 Quaesitum
760 2609 811 2669 est
828 2603 912 2687 apud
931 2604 1124 2689 Labeonem,

112 2695 152 2780 51,
173 2717 244 2760 cum
262 2694 349 2759 filius
368 2694 498 2777 viveret,
521 2699 557 2759 tu
579 2693 711 2758 eredens
735 2714 807 2757 eum
830 2695 992 2757 mortuum
1017 2696 1125 2760 555511
1193 2767 1196 2772 ,

110 2784 242 2850 5511555
266 2783 370 2868 egeris
398 2787 445 2868 et,
467 2783 544 2868 quia
566 2803 668 2847 annus
691 2781 914 2866 praeterierat,
937 2783 1124 2868 exceptione

111 2873 159 2940 sis
187 2873 350 2958 repulsus,
373 2893 415 2937 an
441 2894 551 2937 rursus
580 2870 717 2956 experiri
744 2871 805 2936 tibi
829 2874 992 2956 comperto
1017 2893 1124 2938 errore
1177 2866 1182 2880 ⁸

109 2960 368 3047 permittendum
400 2963 458 3025 est.
510 2964 542 3026 et
569 2961 616 3026 ait
642 2961 788 3044 permitti
816 2960 930 3026 debere
958 2960 1125 3026 dumtaxat

107 3052 151 3117 de
177 3049 313 3134 peoulio,
335 3071 399 3115 non
422 3048 521 3115 etiam
545 3050 639 3114 dein
662 3071 730 3114 rem
753 3071 856 3115 verso.
1139 3047 1141 3050 ’

470 3215 517 3274 De
538 3217 570 3274 iu
592 3231 654 3272 rem
675 3232 765 3273 verso.

206 3316 256 3382 18.
279 3315 319 3380 D.
337 3316 385 3398 15,
399 3317 429 3395 3,
446 3316 474 3400 1,
491 3317 518 3382 1.
558 3315 718 3399 Ulpianus
740 3314 824 3379 libro
844 3315 1019 3384 vicensimo
1037 3340 1123 3387 nono

110 3405 155 3470 51
189 3403 327 3470 edietum
357 3403 407 3482 (Ρ.
427 3400 515 3490 855).
546 3441 583 3450 -
613 3402 682 3470 Neo
713 3403 839 3469 videtur
870 3404 992 3470 frustra
1023 3407 1061 3473 de
1088 3411 1124 3474 in

111 3515 184 3558 rem
207 3515 299 3558 verso
325 3494 410 3559 aetio
432 3490 602 3578 promissa,
625 3492 718 3579 quasi
741 3491 903 3557 sufficeret
926 3494 963 3587 de
986 3498 1124 3580 peculio:
