2506 3880
119 112 184 176 124
219 112 240 168 I.
263 111 419 168 nnunrls
436 110 595 168 AUGUSTI
612 111 660 166 ET
679 110 815 168 TIBERII
832 111 928 167 IURIS
948 110 1131 168 consum

119 275 204 340 adici
230 274 346 359 ‘neque
376 274 566 339 eonomine
590 274 796 340 satisfaciat':
825 275 896 341 fieri
919 276 1002 339 enim
1025 295 1134 362 posse,

117 368 157 428 ut
178 364 330 429 idoneum
353 363 623 446 expromissorem
644 364 773 429 habeat.

210 451 282 517 160.
300 451 339 517 D.
354 451 533 537 50,16,43.
564 450 654 517 Idem
675 450 732 539 (sc.
746 448 921 538 Ulpianus)
939 451 1024 517 libro
1038 453 1134 536 quin-

119 541 331 626 quagensimo
358 545 473 606 octavo
502 540 542 605 ad
566 541 706 606 edictum
729 539 779 628 (P.
802 538 925 624 1314).
947 576 992 587 -
1016 539 1133 607 Verbo

122 628 250 695 ‘rictus'
288 629 508 714 continentur,
550 651 632 714 quae
668 630 738 694 esui
774 630 927 715 potuique
965 629 1134 714 cultuique

29 791 31 796 ¹
120 719 265 801 corporis
286 739 431 802 quaeque
450 718 491 783 ad
510 717 681 783 vivendum
701 719 825 784 homini
844 718 1027 784 necessaria
1045 723 1135 785 sunt.

120 811 242 872 vestem
265 827 393 892 quoque
416 807 520 872 victus
542 806 663 871 habere
686 809 789 873 vicem
811 805 922 872 Labeo
946 807 1000 873 ait.

210 896 282 962 161.
305 893 344 960 D.
359 895 435 960 ibid
449 898 469 976 ξ
483 893 529 960 45
552 891 600 982 (Ρ.
616 893 743 980 13141).
763 931 804 943 -
824 896 864 961 In
887 895 1017 961 ‘stratu’
1036 917 1136 962 omne

121 985 351 1050 vestimentum
374 984 532 1070 contineri
555 984 640 1069 quod
662 985 813 1050 iniciatur
834 984 943 1049 Labeo
967 984 1023 1049 ait.

206 1104 242 1164 D.
258 1107 310 1182 42,
326 1107 355 1182 1,
370 1106 421 1164 34.
467 1104 622 1164 Licinnius
646 1103 772 1164 Rufinus
799 1105 876 1165 libro
901 1101 993 1165 tertio
1017 1105 1135 1166 decimo

118 1194 304 1270 Regularum
322 1187 368 1273 (P.
385 1185 451 1274 17).
469 1224 511 1236 -
532 1193 565 1252 Si
582 1193 694 1254 11111111
714 1194 764 1256 vel
787 1196 917 1254 stratum
939 1193 1045 1253 inferri
1065 1194 1135 1272 quis

117 1283 251 1342 iudicato
274 1301 335 1342 non
357 1282 493 1359 patiatur
512 1329 518 1343 .
534 1327 564 1342 ..
583 1283 621 1342 cl.
643 1282 735 1342 Lenel
757 1282 848 1343 Edict
869 1302 898 1359 p.
915 1283 988 1344 328.

292 1451 350 1526 (lut
372 1453 474 1511 absens
496 1452 608 1539 indimo-
626 1452 760 1525 dcfcasue
781 1469 841 1511 aon
862 1453 958 1525 fuerit.

210 1560 283 1626 162.
315 1559 354 1624 D.
368 1560 422 1643 42,
435 1559 466 1644 4,
481 1561 511 1644 7,
526 1561 577 1626 10.
600 1560 777 1646 Ulpianus
800 1561 884 1626 libro
908 1561 1133 1646 quinquagen-

120 1648 202 1713 simo
221 1670 309 1713 nono
325 1648 366 1714 ad
381 1648 520 1714 edictum
534 1647 584 1734 (P.
597 1647 706 1738 1390).
720 1685 765 1696 -
780 1701 804 1715 ..
820 1651 928 1715 sinon
942 1649 1136 1717 defendatur

119 1736 272 1821 furiosae,
294 1741 476 1804 curatorem
499 1739 529 1804 ei
553 1738 703 1824 dandum,
726 1743 783 1803 aut
805 1739 892 1803 bona
916 1739 984 1804 eius
1003 1741 1040 1803 ut
1058 1762 1135 1824 pos-

121 1826 295 1906 sideantur,
313 1827 507 1893 nominatim
525 1826 779 1910 permittendum
798 1831 856 1892 est.
892 1825 1003 1893 Labeo
1022 1833 1135 1894 autem

122 1915 246 1994 scribit,
270 1915 298 1978 si
320 1937 388 1981 non
411 1916 594 1980 inveniatur
616 1920 746 1981 curator
769 1917 820 1982 vol
840 1915 989 1981 defensor
1006 1915 1134 2002 furiosi,

121 2004 177 2068 sed
205 2006 238 2067 et
266 2003 294 2067 si
322 2007 452 2068 curator
480 2004 574 2068 datus
601 2024 676 2068 eum
698 2025 765 2070 non
788 2004 951 2086 defendat,
979 2007 1058 2070 tuno
1081 2028 1133 2070 re-

121 2090 314 2157 movendum
339 2113 411 2156 eum
431 2095 464 2156 et
481 2096 631 2176 oportere
648 2096 833 2177 praetorem
852 2093 928 2158 dare
947 2098 1134 2160 curatorem

120 2180 261 2263 aliquem
280 2200 319 2244 ex
337 2179 561 2266 creditoribus,
578 2183 616 2245 ut
634 2202 701 2246 non
719 2182 868 2266 amplius,
887 2204 983 2267 quam
1000 2199 1134 2248 necesse

120 2270 182 2347 est,
215 2289 255 2332 ex
282 2267 376 2333 bonis
404 2266 519 2333 furiosi
548 2274 675 2336 veneat:
708 2291 808 2354 eaque
837 2271 993 2336 servanda
1019 2269 1133 2339 Labeo

120 2355 180 2440 ait,
208 2378 291 2441 quae
314 2357 423 2422 solent
446 2358 581 2442 servari,
604 2379 677 2424 cum
700 2363 812 2425 venter
833 2359 868 2423 in
890 2360 1133 2443 possessionem

119 2446 266 2511 mittitur.

453 2542 500 2602 De
522 2544 586 2602 lare
608 2543 795 2603 deliberandi.

210 2653 282 2718 163.
301 2652 340 2717 D.
350 2654 403 2734 28,
414 2653 444 2732 8,
455 2653 485 2738 7,
496 2653 525 2717 2.
562 2650 720 2736 Ulpianus
739 2652 825 2718 libro
844 2653 1069 2736 sexagensimo
1090 2655 1134 2726 ad

120 2741 260 2807 edictum
280 2737 329 2827 (P.
346 2739 455 2828 1400).
470 2777 513 2788 -
529 2740 611 2816 Quid
630 2742 673 2805 sit
691 2791 699 2806 .
714 2791 743 2806 ..
763 2739 914 2806 ‘deminui
933 2741 1064 2808 vetabo'
1084 2743 1132 2808 vi·

119 2828 260 2894 deamus.
301 2829 352 2893 his
376 2830 483 2895 verbis
506 2831 638 2913 praetor
660 2851 726 2895 non
748 2833 877 2895 tantum
899 2831 1132 2897 alienationem

119 2916 269 3001 impedit,
297 2938 408 2982 verum
435 2918 532 2982 etiam
560 2917 705 2998 actiones
732 2919 873 2984 exerceri
902 2940 969 2984 non
992 2919 1133 3004 patitur:

120 3010 170 3071 est
192 3005 279 3072 enim
303 3005 478 3070 absurdum
502 3007 545 3090 ei,
567 3005 619 3071 cui
641 3006 794 3072 alienatio
817 3007 1035 3093 interdicitur,
1058 3031 1131 3093 per·

120 3095 209 3159 mitti
233 3094 376 3160 actiones
400 3114 557 3179 exercere,
580 3097 613 3168 et
634 3095 682 3160 ita
705 3095 814 3163 Labeo
837 3095 960 3175 scribit.

259 3267 504 3342 Quemadmodum
526 3271 558 3328 tu
574 3270 756 3342 possessione
779 3287 838 3330 csse
860 3274 996 3344 operteat.

212 3376 286 3440 164.
310 3375 349 3442 D.
363 3377 415 3456 42,
430 3375 460 3458 5,
477 3377 517 3441 12
528 3399 575 3461 pr.
604 3377 724 3442 Paulus
737 3378 821 3443 libro
836 3380 1134 3465 quinquagensimo

121 3483 209 3527 nono
230 3463 269 3526 ad
288 3464 427 3528 edictum
442 3463 490 3550 (P.
502 3463 590 3551 714).
605 3502 647 3512 -
662 3463 744 3531 Oum
763 3489 844 3530 unus
862 3490 900 3531 ex
915 3468 1132 3535 creditoribus
