2506 3880
381 133 406 182 7.
429 125 466 181 M.
484 124 675 181 ANTISTIUS
694 127 811 212 LABEO
1035 129 1099 194 155

87 292 199 372 emerit,
222 291 340 368 deinde,
362 309 431 355 mm
449 289 513 354 eins
528 288 630 370 foetos
646 290 750 372 fnerit,
772 310 840 355 erm
858 291 960 374 ipsam
978 293 1098 357 donati-

90 381 155 444 om's
186 399 285 445 eausa
315 380 384 444 niro
417 375 662 462 mancipaverit1,
693 384 765 444 rota
795 381 855 444 erit
884 379 1099 467 moneepatio²,

88 469 229 550 momnis
256 489 294 534 ee
320 472 419 533 mente
442 467 529 544 faeta
552 466 648 548 feeerit
675 488 739 549 qna
769 473 882 533 ceterae
912 471 1118 553 donationes,-

89 577 181 640 nepne
203 557 273 622 nito
295 559 375 622 aetio
399 557 463 622 eins
485 557 608 620 nomine
630 557 702 620 dori
716 561 824 638 potest.

398 774 444 832 De
466 775 604 846 emptione
626 775 793 832 venditione.

426 889 470 945 De
487 890 633 945 hereditate
649 890 770 945 vendito.

176 991 230 1056 18.
260 990 299 1055 D.
324 990 376 1073 18,
394 990 425 1072 4,
442 989 494 1056 25.
548 987 638 1053 Idem
670 987 808 1076 (Labeo)
844 989 926 1054 libro
960 991 1098 1056 seeundo

90 1077 262 1144 Pithanon.
286 1117 327 1125 —
352 1077 391 1144 m
416 1083 534 1162 eeooepto
558 1076 657 1158 fondo
689 1077 872 1143 hereditario
898 1079 993 1143 veniit
1017 1077 1098 1143 irere-

91 1169 181 1254 ditas,
205 1169 313 1254 deinde
330 1168 397 1232 eins
412 1166 506 1248 fnndi
522 1167 646 1230 nomine
663 1168 800 1232 omditor
818 1167 939 1249 olipnid
955 1168 1099 1252 admisit,

91 1258 170 1322 debet
192 1257 229 1322 id
243 1262 404 1339 proestare
425 1255 553 1339 ereptori
574 1254 757 1321 hereditatis

392 1481 394 1486 .
454 1430 602 1497 Defende
619 1430 737 1485 vendito.

83 1563 86 1568 ·
177 1531 231 1596 19.
254 1528 292 1594 D.
314 1529 474 1613 19‚1,54,
490 1533 518 1595 1.
563 1528 652 1594 Idem
681 1527 819 1616 (Labeo)
846 1531 930 1595 libro
960 1531 1098 1596 seeundo

90 1619 261 1684 Pithanon.
292 1655 330 1666 —
361 1617 399 1683 Si
429 1619 514 1684 dotia
545 1621 694 1701 ostopinta
720 1619 855 1684 accedere
879 1621 991 1701 fondo,
1021 1640 1100 1702 qnae

90 1708 209 1790 infossa
234 1712 339 1792 essent,
360 1708 474 1772 diotnm
497 1708 564 1792 erit,
585 1711 614 1771 et
629 1707 728 1790 pinro
750 1713 840 1772 erant
860 1728 953 1790 qnam
971 1709 1014 1772 od
1029 1728 1099 1773 eum
1203 1715 1205 1720 ’

90 1817 261 1876 nmnernm,
284 1797 370 1862 dabit
390 1797 518 1878 emptori
540 1816 578 1860 ee
601 1795 741 1860 omnrtns
762 1816 841 1877 qnae
862 1797 935 1880 ontt,
958 1798 1032 1862 dnm
1051 1798 1099 1861 in-

91 1891 173 1969 tepra
196 1887 261 1964 det‚·
284 1885 397 1951 sisela
415 1885 565 1968 oetopinto
581 1888 662 1968 snnt,
685 1884 918 1968 pontiammqne
936 1890 1098 1968 emptorem

90 1979 251 2058 sequenter
281 1994 336 2039 nee
361 1994 421 2056 pro
453 1994 516 2038 non
552 1974 678 2056 intepris
708 1974 871 2057 qumquam
903 1976 932 2040 ei
962 1976 1099 2040 venditor

88 2063 265 2146 praestabit.

460 2156 504 2212 De
521 2172 595 2212 seroo
613 2157 730 2213 vendito.

112 2287 115 2292 ¹
177 2256 231 2322 20.
254 2255 294 2320 D.
315 2256 365 2339 19,
381 2257 409 2338 1,
424 2255 467 2320 54
477 2278 523 2339 pr.
569 2255 658 2322 Idem
682 2255 819 2344 (Labeo)
848 2259 932 2324 libro
961 2258 1099 2324 seeundo

86 2345 264 2410 'Pithanom
290 2380 327 2391 -
353 2343 391 2410 Si
417 2365 521 2410 serens
547 2366 635 2428 onem
656 2348 835 2414 vendideras
857 2349 945 2413 inssn
967 2353 1018 2413 ino
1040 2348 1098 2413 aii·

93 2436 166 2518 qaid
189 2434 263 2515 feeit
289 2438 317 2498 et
342 2453 379 2498 eoo
405 2453 439 2498 eo
465 2453 535 2499 erns
558 2435 664 2518 trepit,
694 2436 740 2498 ita
767 2437 889 2516 mmmm
915 2457 952 2500 oo
978 2455 1027 2502 res
1049 2441 1100 2501 tno

88 2523 222 2606 periendo
244 2543 307 2587 non
329 2527 381 2608 est,
401 2523 431 2587 si
452 2523 488 2588 id
507 2523 675 2604 imperasti,
704 2523 786 2602 qnod
805 2523 918 2587 solebat
939 2529 1010 2589 onte
1032 2545 1100 2590 oen·

94 2613 237 2678 ditionem
258 2610 368 2694 faeere,
390 2615 420 2675 et
439 2612 469 2676 si
490 2611 526 2676 'id
546 2610 713 2693 imperasti,
735 2611 816 2692 qnod
836 2611 929 2673 etiam
950 2630 1015 2674 non
1033 2631 1100 2676 oen·

93 2700 152 2766 dito
174 2720 260 2766 seroo
283 2701 489 2782 imperotores
512 2719 588 2765 eras.

493 2918 540 2977 De
562 2919 696 2993 deposito.

178 3037 232 3101 21.
259 3035 298 3101 D.
324 3037 378 3118 16,
397 3036 432 3120 3,
451 3037 503 3102 34.
554 3035 644 3101 Idem
678 3034 814 3123 (Labeo)
846 3035 929 3100 libro
962 3032 1100 3099 seeundo

95 3124 264 3190 Pithanon.
287 3160 331 3172 -
353 3125 443 3190 Potes
464 3145 552 3209 opere
573 3126 700 3208 depositi
721 3145 791 3190 enm
813 3145 859 3202 eo,
884 3124 940 3208 qni
961 3123 1017 3188 tibi
1038 3142 1101 3187 non

95 3214 182 3280 aditor
212 3234 307 3296 qnam
338 3213 473 3278 nammis
504 3235 525 3278 a
555 3217 583 3277 te
613 3214 741 3294 oooeptis
777 3213 945 3294 depositum
978 3212 1101 3276 reddere

96 3303 232 3387 ootnerit,
263 3303 415 3384 anomois·
429 3303 495 3368 sine
521 3322 610 3367 mora
637 3304 666 3366 et
689 3302 900 3383 inoormmtnm
926 3301 1101 3368 reddiderit.

163 3498 178 3548 1
200 3493 276 3550 Trio.
294 3492 450 3549 tradiderit.
522 3498 537 3546 2
560 3493 633 3549 Trito.
652 3491 775 3548 traditio.
