2508 3896
143 157 209 222 570
245 157 278 214 n
304 155 372 211 ura.
397 155 472 212 cru
495 155 624 212 onnon
647 155 782 211 aanor.
806 155 913 211 anne.
933 155 1029 211 roais
1049 155 1148 213 oona.
1242 115 1243 118 Ὺ

143 323 176 384 et
203 341 268 383 non
296 318 432 404 patiaris
460 339 512 382 me
535 319 664 404 tollere,
691 319 782 385 nulla
805 319 869 383 alia
892 341 989 405 quam
1014 319 1054 384 de
1077 319 1147 384 dolo
1241 387 1243 398 ,

144 408 231 473 malo
254 407 340 473 actio
363 407 470 473 locum
493 408 635 472 habebit

230 518 522 588 PernioeH²S.217:
537 521 803 604 ‘Mdglicherweise
817 528 905 587 rthrt
918 528 965 588 die
979 515 1150 606 iusserung

218 617 314 676 ihrcm
336 617 455 676 Inhalte
477 617 553 676 nach
576 636 635 676 von
658 616 749 676 Sabin
771 611 845 677 her’.

144 749 146 754 ’
234 728 262 791 7.
290 725 330 791 Ι).
344 728 375 809 4,
389 727 420 809 3,
434 727 486 792 29.
523 726 642 792 Paulus
661 727 745 793 libro
765 726 932 793 undecimo
952 725 991 790 ad
1012 727 1149 793 edictum

142 814 193 902 (P.
208 811 313 903 2131’).
329 852 371 862 —
386 812 524 881 Sabinus
543 818 638 900 putat
655 816 770 881 calculi
790 817 914 881 ratione
930 815 1038 899 potius
1055 837 1148 900 quam

142 904 292 970 maleficii
327 905 478 970 heredem
512 905 687 987 conveniri,
723 904 859 988 denique
891 905 1055 970 famosum
1087 926 1149 970 non

141 993 227 1079 fieri,
250 994 385 1077 ideoque
408 994 654 1078 inperpetuum
678 994 780 1058 teneri
804 996 960 1078 oportere.

230 1115 265 1172 D.
285 1116 314 1189 4,
336 1115 363 1189 3,
384 1115 424 1174 26
451 1111 551 1172 Gaius.
604 1108 651 1173 ‘In
682 1113 823 1174 heredem
853 1117 978 1172 eatenus
1011 1113 1150 1173 daturum

140 1221 171 1263 se
202 1222 269 1262 eam
295 1202 442 1262 actionem
469 1203 629 1277 proconsul
652 1203 825 1279 pollicetur,
853 1205 999 1278 quatenus
1024 1202 1063 1261 ad
1086 1221 1150 1261 eum

140 1292 323 1368 pervenerit,
352 1291 383 1368 id
406 1294 452 1350 cst
474 1295 622 1366 quatenus
650 1310 686 1350 ex
710 1310 744 1351 ea
767 1310 799 1350 re
822 1290 1001 1366 locupletior
1024 1292 1063 1350 ad
1084 1310 1150 1350 eum

137 1381 291 1441 hareditas
314 1374 451 1440 venerit'.

400 1532 445 1587 Dc
462 1533 495 1586 in
512 1531 649 1602 intcprnm
667 1531 893 1586 restitutionibus.

230 1643 259 1707 8.
283 1640 322 1706 D.
333 1643 384 1724 27,
394 1643 425 1724 6,
435 1642 464 1706 8.
502 1639 622 1704 Paulus
640 1639 726 1704 libro
745 1640 932 1706 duodecimo
952 1638 994 1704 ad
1010 1639 1149 1704 edictum

142 1727 191 1818 (P.
207 1725 296 1818 237).
320 1767 362 1776 -
387 1727 437 1817 (si
460 1752 499 1797 ex
521 1729 684 1814 pluribus,
715 1729 769 1814 qui
793 1728 868 1794 dolo
888 1727 978 1794 malo
1003 1733 1148 1794 auctores

140 1820 218 1884 facti
241 1823 331 1900 sunt,
354 1841 436 1884 uuus
460 1822 637 1885 conventus
661 1819 713 1902 sit,
738 1817 837 1883 ceteri
859 1839 924 1882 non
947 1813 1148 1904 liberantur.)

141 1907 174 1972 et
197 1908 269 1974 ideo
293 1908 321 1972 si
343 1908 427 1973 nihil
451 1913 595 1972 autnon
618 1909 723 1972 totum
748 1910 912 1971 servatum
935 1907 991 1988 sit,
1022 1906 1057 1970 in
1080 1906 1151 1970 reli·

141 2017 220 2079 quos
248 2018 314 2060 non
343 1996 563 2082 denegandam
591 1993 795 2079 (actionem)
822 1994 855 2061 iu
883 1993 918 2058 id
945 1995 1031 2079 quod
1065 1995 1152 2059 deest

140 2082 278 2149 Sabinus
302 2086 421 2150 scribit.

228 2203 309 2262 num
332 2198 375 2262 ‘n
401 2205 432 2263 n
460 2204 540 2280 quoe
564 2199 658 2264 aaut
683 2171 998 2280 sternumenta,
1029 2201 1153 2262 Pomm

141 2292 268 2352 dubitat.

554 2372 599 2429 De
616 2375 737 2444 receptio.

229 2483 259 2550 9.
288 2483 326 2548 D.
341 2484 372 2567 4,
387 2483 416 2565 8,
433 2483 484 2566 19,
499 2484 528 2548 2.
573 2483 692 2548 Paulus
721 2483 806 2547 libro
834 2483 932 2547 tertio
960 2481 1087 2548 decimo
1112 2480 1152 2546 ad

142 2574 281 2639 edictum
314 2569 364 2660 (P.
389 2569 478 2659 245).
505 2608 549 2619 -
578 2621 606 2638 ..
635 2571 811 2637 'videndum
845 2572 920 2654 erit,
953 2593 994 2635 an
1027 2575 1154 2635 mutare

141 2662 337 2727 sententiam
368 2663 472 2746 possit
500 2658 557 2747 (se.
583 2658 717 2747 arbiter)
816 2664 848 2725 et
876 2657 1075 2726 Sabinus..
1098 2681 1155 2743 pu·

139 2752 225 2816 tavit
251 2773 355 2836 posse.

230 2871 404 2947 Sequuntur
434 2870 520 2929 haec:
552 2861 688 2928 ‘Cassius
721 2870 900 2929 sententiam
932 2867 1073 2945 magistri
1107 2865 1155 2926 sni

139 2961 215 3020 bene
239 2963 363 3019 excusat
386 2962 418 3018 et
436 2958 481 3017 ait
499 2957 642 3018 Sabinum
659 2977 720 3018 non
738 2959 773 3018 de
793 2978 828 3018 ea
846 2958 974 3018 sensisse
993 2956 1155 3031 sententia,

142 3068 219 3125 quae
237 3049 396 3107 arbitrium
414 3046 507 3123 finiat,
526 3048 578 3106 sed
597 3048 634 3105 de
652 3047 881 3124 praeparatione
894 3065 1010 3124 causae,
1027 3049 1065 3105 ut
1078 3047 1156 3121 puta
1242 3063 1243 3072 ¹

140 3138 167 3198 ai
194 3137 281 3196 iussit
308 3137 477 3215 litigatores
506 3135 637 3196 calendis
665 3136 782 3213 adesse,
813 3155 882 3196 mox
909 3135 1007 3195 idibus
1036 3135 1154 3207 iubeat;
1242 3205 1243 3214 χ

106 3296 108 3301 ¹
140 3245 209 3284 nam
232 3229 351 3284 mutare
375 3244 444 3286 eum
466 3224 545 3284 diem
567 3219 675 3301 posse?

234 3335 282 3398 10.
315 3333 353 3398 D.
368 3335 398 3414 4,
414 3334 443 3412 8,
458 3333 509 3397 29.
550 3334 708 3419 Ulpianus
732 3335 817 3399 libro
840 3333 938 3399 tertio
963 3334 1085 3400 decimo
1112 3330 1154 3397 ad

142 3421 283 3485 edietum
307 3417 356 3506 (P.
372 3421 461 3504 466).
485 3458 527 3467 -
551 3424 716 3488 Adversus
744 3424 939 3489 sententiam
966 3422 1082 3488 arbitri
1106 3421 1157 3506 fir,

144 3506 172 3568 si
194 3512 325 3589 petatur
348 3508 388 3572 ab
413 3529 450 3572 eo
475 3530 494 3572 a
517 3531 580 3593 quo
599 3511 720 3576 arbiter
739 3512 807 3597 peti
825 3511 937 3577 vetuit
978 3511 1054 3596 quid
1073 3530 1154 3596 ergo
