2508 3896
406 203 432 252 2.
453 195 637 290 Masurius
656 196 809 255 SABINUS
1047 198 1110 262 531

108 365 246 441 stipulari
276 366 390 442 potest,
427 367 531 425 eontra
561 385 632 426 vero
669 386 728 428 non
763 370 871 443 potest.
926 387 986 428 non
1018 368 1115 428 solum

108 458 207 514 autem
230 453 262 512 in
284 455 453 531 quantitate
477 452 529 514 sed
552 454 644 514 etiam
666 457 696 516 in
720 460 854 533 tempore
875 457 975 517 minus
998 461 1030 517 et
1046 459 1115 533 plus

105 543 305 621 intellegitur3
327 544 396 620 plus
419 547 465 603 est
488 544 567 602 euim
590 544 693 604 statim
717 545 831 623 aliquid
850 546 929 622 dare,
951 547 1049 606 miuus
1069 549 1116 606 est

105 634 173 708 post
194 635 314 708 tempus
337 631 417 692 dare.
457 633 488 690 in
512 633 568 691 hoo
590 636 691 693 autem
714 634 779 693 iure
802 636 948 710 quaedam
969 636 1116 712 singulari

104 723 169 780 iure
201 722 407 782 observantur.
456 739 526 779 nam
558 722 786 798 adstipulatoris
818 725 904 783 heres
936 743 996 784 non
1009 725 1116 784 ⁸habet

105 811 258 871 astionem
304 811 377 870 item
405 829 509 870 servus
538 811 748 886 adstipulando
775 811 851 871 nihil
876 812 952 890 agit,
979 813 1115 888 quamvis

105 919 140 959 ex
167 899 274 958 esteris
301 899 439 959 omnibus
467 899 567 959 causis
595 900 787 976 stipulatione
814 901 933 961 domino
956 897 1115 977 adquirat?

105 987 169 1049 sai.
185 990 214 1064 3,
230 990 413 1048 110-114.

68 1147 70 1152 .
194 1087 281 1154 151?
305 1088 375 1156 Gai.
390 1091 420 1174 3,
436 1091 509 1155 114.
528 1125 569 1138 —-
589 1089 679 1155 Idem
703 1091 741 1155 de
765 1113 802 1156 eo
826 1091 880 1174 qui
900 1091 934 1155 in
953 1090 1115 1176 mancipio

104 1181 166 1263 est,
193 1179 298 1264 magis
320 1178 445 1262 placuit
467 1177 524 1264 (su.
548 1179 634 1264 quod
657 1181 885 1265 adstipulando
909 1180 990 1245 nihil
1015 1176 1114 1267 agit);
1222 1175 1229 1188 '

103 1290 178 1332 nem
203 1271 235 1332 et
257 1269 286 1332 is
310 1267 395 1332 servi
418 1268 490 1333 loeo
514 1273 572 1332 est.

192 1377 297 1438 Sabini
320 1378 469 1438 sententia
491 1382 592 1455 potest
616 1381 745 1440 subesse.

191 1460 233 1526 ‘Is
262 1470 364 1526 autem
391 1467 443 1544 qui
470 1468 503 1526 in
528 1471 678 1544 potestate
702 1469 879 1546 patrissat,
906 1470 971 1545 agit
993 1470 1115 1549 aliquid,

104 1556 155 1616 sed
187 1556 307 1632 parenti
338 1575 399 1615 non
430 1555 574 1636 adquirit,
606 1558 741 1635 quamvis
775 1577 810 1616 ex
842 1558 979 1617 omnibus
1007 1560 1114 1619 ceteris

104 1645 202 1705 eausis
227 1645 397 1720 stipulando
421 1646 449 1704 ei
472 1645 618 1723 adquirat.
668 1665 702 1705 ao
729 1665 766 1704 ne
793 1646 852 1723 ipsi
879 1647 998 1723 quidem
1026 1648 1115 1706 aliter

102 1734 180 1794 aetio
208 1735 353 1809 conpetit,
381 1753 471 1810 quam
500 1736 526 1794 si
554 1735 618 1795 sine
645 1735 753 1811 eapitis
780 1735 982 1795 deminutione
1009 1736 1115 1796 exierit

102 1824 139 1882 de
166 1824 318 1898 potestate
345 1823 493 1898 parentis,
526 1825 622 1884 veluti
649 1828 743 1884 morte
772 1823 835 1882 eius
863 1828 917 1884 aut
944 1824 1024 1900 quod
1050 1827 1114 1902 ipse

101 1912 211 1971 flamen
234 1912 331 1971 Dialis
353 1912 554 1989 inauguratus
578 1917 624 1972 est
649 1907 710 1973 ...’
736 1911 932 1990 Gai.3,114.

438 2108 485 2168 De
508 2109 778 2182 adpromr'ssoribas.

191 2225 262 2292 ‘Pro
295 2251 329 2292 eo
361 2251 481 2308 quoque
512 2232 565 2309 qui
595 2233 746 2308 promittit
773 2234 870 2293 solent
897 2233 950 2293 alii
977 2233 1124 2313 obligari,

100 2339 230 2398 quorum
253 2320 329 2381 alios
353 2341 524 2398 sponsores,
552 2321 628 2381 alios
650 2321 918 2400 fidepromissores,
943 2323 1018 2382 alios
1041 2323 1112 2382 fide·

99 2411 231 2470 iussores
254 2411 447 2486 appellamus.
494 2428 619 2486 sponsor
641 2411 685 2469 ita
706 2411 924 2488 interrogatur:
946 2411 1025 2471 idem
1049 2411 1114 2470 dari

100 2499 250 2574 spondes?
294 2499 517 2574 fidepromissor
538 2492 639 2576 <ita>:
662 2499 742 2557 idem
763 2499 994 2574 fidepromittis'?
1038 2499 1113 2558 fide-

98 2588 200 2647 iussor
221 2587 277 2648 ita:
299 2588 380 2647 idem
397 2587 455 2646 lide
477 2590 533 2646 tua
555 2605 619 2645 esse
641 2586 746 2646 iubes?
771 2632 794 2647 ..
816 2605 974 2662 sponsores
992 2587 1113 2663 quidem

98 2681 130 2736 et
159 2675 415 2752 fidepromissores
441 2679 472 2736 et
493 2675 683 2735 fideiussores
707 2693 794 2750 saepe
818 2673 948 2735 solemus
971 2676 1112 2753 accipere,

98 2766 174 2825 dum
199 2784 338 2826 curamus
360 2768 396 2824 ut
419 2764 594 2842 diligentius
615 2763 702 2822 uobis
724 2766 847 2823 cautum
869 2764 921 2839 sit3
949 2763 1114 2839 adstipula-

96 2859 199 2914 torem
215 2873 287 2915 vero
305 2855 367 2914 fere
384 2856 457 2914 tuno
471 2855 566 2912 solum
582 2853 767 2926 adhibemus,
785 2853 910 2912 sumita
925 2852 1111 2930 stipulamur,

97 2948 133 3004 ut
157 2942 274 3020 aliquid
295 2946 365 3020 post
387 2946 515 3002 mortem
536 2946 670 3003 nostram
693 2942 810 3002 detur..
826 2936 843 3002 .’

189 3026 361 3107 ‘Sponsoris
374 3051 445 3092 vero
459 3036 489 3091 et
497 3031 745 3108 fidepromissoris
757 3031 863 3091 similis
872 3029 1005 3090 oondioio
1014 3023 1111 3109 (est),

94 3121 284 3180 fideiussoris
310 3120 398 3182 valde
426 3120 587 3180 dissimilis.
631 3139 702 3179 nam
728 3121 775 3179 illi
803 3120 922 3197 quidem
944 3119 1035 3178 nullis
1059 3119 1112 3178 ob-

95 3210 295 3288 ligationibus
320 3212 460 3271 accedere
482 3211 609 3286 possunt
629 3209 688 3268 nisi
710 3208 883 3285 verborum,
911 3208 1046 3286 quamvis
1068 3208 1113 3265 in·

93 3299 221 3360 tendum
247 3299 311 3375 ipse
340 3299 391 3376 qui
417 3298 602 3376 promiserit,
630 3316 689 3356 nou
715 3299 808 3358 fuerit
835 3298 1000 3374 obligatus,
1027 3298 1112 3356 velut

94 3391 123 3449 si
147 3388 259 3447 mulier
277 3392 331 3448 aut
348 3389 481 3465 pupillus
500 3388 562 3448 sine
581 3385 693 3446 tutoris
712 3388 892 3448 auctoritate
911 3389 965 3446 aut
983 3385 1112 3462 quilibet

92 3481 169 3555 post
196 3480 325 3536 mortem
353 3497 438 3538 suam
465 3478 530 3536 dari
557 3477 736 3553 promiserit.
786 3483 818 3537 at
841 3476 920 3536 illud
947 3476 1111 3553 quaeritur,

92 3569 121 3628 si
152 3585 257 3626 servus
285 3569 338 3627 aut
359 3568 533 3646 peregrinus
556 3566 760 3645 spoponderit,
788 3585 827 3626 an
849 3585 903 3643 pro
927 3585 961 3626 eo
986 3583 1112 3642 sponsor

844 3666 898 3719 34*
