2506 3880
160 175 162 179 ⁸
179 182 243 246 172
279 183 300 238 l.
321 182 476 237 AETATIS
495 147 656 237 AUGUSTL
673 181 720 236 ΕΤ
737 181 873 236 TIBERII
890 180 987 237 IURIS
1007 180 1191 237 CONSULTI

178 351 229 410 des
253 351 378 410 Werkes
407 354 519 410 maeste
550 351 622 410 aber
648 350 837 426 nothdtlrltig
863 368 917 409 aus
946 350 1002 409 den
1030 348 1188 410 0611111611-

177 440 274 499 tarien
302 439 353 499 des
377 439 547 499 Verfassers
575 438 757 498 aneinander
784 438 901 516 gereibt
923 439 1050 499 werden.
1095 437 1189 500 Diese

178 528 351 604 Hypothese
372 529 472 586 wdrde
495 529 573 588 auch
596 528 652 587 mit
674 527 741 586 dem
765 527 1017 603 etymologisohen
1039 526 1189 604 Anbange

178 611 509 676 zusammenstimmen'.
546 617 632 676 Joers
650 635 721 676 vero
740 615 820 692 quod
838 616 857 674 1.
873 634 896 676 o.
916 615 997 693 dicit,
1016 609 1097 676 ‘dass
1116 636 1190 676 man

179 707 235 763 den
324 705 470 765 Naohlass
494 706 547 764 der
568 706 744 764 berfihmten
763 704 897 764 Juristen
919 704 1102 764 mehrfaeh
1126 705 1189 764 be·

179 793 338 852 arbeitet
365 789 439 870 hat'‚
466 795 572 853 idoneo
600 794 794 852 fundamento
822 794 866 852 ita
894 795 988 870 caret,
1018 796 1053 852 ut
1080 812 1099 852 a
1121 794 1189 854 viro

179 882 266 943 docto
299 882 337 941 ad
369 882 453 941 illam
486 883 521 942 de
555 883 666 959 duplici
693 882 827 943 Iauoleni
859 881 988 958 epitome
1018 872 1067 962 (cf.
1096 901 1191 960 supra

177 992 206 1047 p.
224 964 301 1051 163)
321 971 519 1030 coniecturam
534 970 797 1030 commendandam
811 971 997 1047 propositum
1012 987 1076 1030 esse
1090 976 1189 1047 putes.

179 1060 230 1119 aed
262 1061 335 1119 haec
367 1060 525 1136 hactenus3
561 1060 639 1119 illud
671 1063 750 1118 certe
781 1057 967 1135 probandum
999 1061 1057 1118 est:
1091 1052 1190 1120 ‘Ohne

178 1149 275 1226 Frage
307 1147 391 1207 hatte
423 1148 523 1207 Labeo
556 1148 604 1208 die
636 1148 788 1207 einzelnen
815 1147 974 1224 Materien,
1007 1148 1112 1207 soweit
1145 1149 1190 1208 sie

178 1237 351 1312 uberhaupt
377 1256 437 1296 von
463 1237 524 1294 ihm
550 1237 770 1314 ausgearbeitet
793 1255 906 1312 waren,
934 1236 1045 1296 bereits
1067 1237 1100 1294 in
1122 1237 1191 1297 eine

178 1326 304 1402 gewisse
324 1323 470 1402 Ordnung
488 1325 639 1403 gebracht.
658 1325 791 1386 ...Wir
808 1324 926 1384 konnen
944 1325 1192 1387 unterechaidenz

180 1415 366 1486 Testament,
403 1413 530 1492 Legata,
561 1414 839 1474 testamentarisohe
871 1413 1076 1492 Freilassung,
1108 1414 1195 1474 Kauf

178 1503 240 1562 und
258 1502 357 1580 Miete,
382 1502 561 1562 anderweite
581 1503 711 1563 actiones
728 1503 824 1563 bonae
842 1501 920 1580 fidei,
938 1502 1114 1562 Dotalreoht
1129 1549 1136 1562 .
1152 1551 1158 1564 .
1176 1549 1192 1581 .,

179 1590 444 1669 Vormundschaft,
466 1586 806 1671 Delictsobligationen’.

268 1680 308 1738 Et
336 1683 471 1741 veterum
499 1684 530 1740 et
554 1680 650 1742 Servii
678 1681 799 1757 eiusque
829 1679 1001 1738 auditorum
1024 1680 1192 1741 sententias

179 1768 279 1830 Labeo
299 1768 384 1829 libris
404 1769 619 1845 posterioribus
639 1769 866 1848 diligentissime
887 1768 1022 1828 contulit.
1062 1768 1192 1828 landan-

181 1863 232 1918 tur
256 1858 335 1917 enim
358 1857 389 1917 in
412 1859 589 1934 fragmentis
613 1852 752 1918 ‘veteres'
777 1853 826 1936 (D.
841 1859 894 1936 40,
909 1859 938 1932 7,
954 1859 992 1916 21
1014 1856 1112 1917 Labeo

180 1948 349 2008 refert
373 1952 403 2004 et
431 1946 510 2023 quod
538 1947 581 2005 ita
605 1947 749 2023 scriptum
773 1950 819 2005 est
845 1938 1028 2024 ‘videbitur’,
1056 1965 1109 2021 pro
1133 1947 1194 2008 hoc

182 2035 276 2110 accipi
300 2034 388 2093 debet
412 2029 517 2094 ‘videri
539 2029 675 2110 poterit':
699 2036 742 2095 sic
766 2043 797 2094 et
818 2034 911 2096 verba
933 2033 1008 2112 legis
1032 2033 1194 2096 duodecim

181 2123 352 2182 tabularum
370 2126 487 2183 veteres
505 2124 696 2200 interpretati
714 2128 804 2183 sunt.
820 2166 827 2182 .
841 2115 874 2204 .)‚
892 2123 925 2183 P.
942 2123 1057 2182 Mucius
1071 2115 1121 2204 (D.
1139 2126 1194 2204 24,

184 2214 212 2290 3,
229 2215 269 2272 66
280 2231 325 2288 pr.
338 2210 355 2269 I
369 2202 435 2291 32),
455 2210 619 2281 (11116111
639 2205 689 2290 (D.
705 2214 756 2290 32,
772 2215 863 2289 29,1.
882 2213 934 2285 40,
945 2212 972 2284 7,
985 2214 1025 2272 39
1036 2231 1080 2287 pr.
1100 2211 1194 2282 Ouin-

182 2305 233 2360 tns
265 2300 394 2376 Mucius,
430 2297 535 2358 Gallus
572 2304 603 2360 et
638 2301 703 2378 ipse
735 2301 834 2361 Labeo
867 2302 976 2377 putant
1007 2300 1023 2359 Ι
1047 2302 1097 2360 73.
1122 2295 1192 2384 82),

182 2389 287 2450 Gallus
319 2380 369 2470 (D.
391 2390 442 2466 32,
458 2390 509 2465 29,
525 2392 553 2449 1.
577 2392 628 2467 40,
645 2394 673 2466 7,
688 2392 783 2466 3961.
812 2381 1035 2470 1119.120),
1068 2388 1193 2452 Servius

181 2471 231 2554 (D.
244 2479 293 2550 18,
307 2481 332 2551 1,
344 2479 395 2554 80,
406 2480 433 2536 2.
453 2480 503 2553 23,
514 2479 543 2550 3,
556 2481 605 2539 79.
626 2481 677 2556 24,
688 2480 716 2556 3,
729 2482 768 2539 66
780 2498 824 2554 pr.
845 2479 895 2556 28,
908 2480 935 2554 1,
946 2479 997 2537 25.
1017 2477 1132 2537 Varum
1147 2523 1192 2540 ...

181 2566 319 2627 Servium
332 2567 520 2642 respondisse
534 2567 711 2644 scripsit...
725 2567 825 2627 Labeo
843 2571 909 2627 tum
926 2566 983 2626 hoc
1001 2585 1106 2626 verum
1124 2585 1192 2629 esse

181 2656 333 2715 existimat
361 2657 386 2715 si
493 2655 528 2715 D.
545 2656 596 2734 32,
611 2659 694 2730 29,1
726 2656 854 2727 Quintus
881 2655 997 2714 Mucias
1025 2659 1055 2716 et
1083 2653 1193 2717 Gallus

180 2745 329 2820 (nutabant
449 2744 571 2806 Servius
614 2743 718 2804 Ofilius
836 2743 935 2803 Labeo
975 2743 1032 2804 hoc
1071 2744 1192 2822 probat,

180 2834 252 2893 ibid.
272 2831 335 2907 §2
355 2834 406 2906 40,
423 2837 451 2906 7,
467 2835 562 2907 39pr.
585 2829 649 2907 §3
667 2832 683 2891 I
699 2835 771 2893 167.
793 2835 855 2894 170
866 2853 907 2908 sq.
931 2833 1001 2892 177.
1023 2834 1093 2893 182.
1115 2835 1190 2895 183.

183 2924 254 2982 186.
276 2922 346 2980 188.
368 2911 461 3002 221),
489 2921 595 2979 Ateius
620 2915 670 2996 (D.
686 2923 736 2994 23,
752 2924 780 2994 3,
797 2925 848 2993 79,
865 2925 891 2980 1.
912 2923 962 2992 32,
979 2924 1029 2994 30,
1045 2923 1073 2981 6.
1094 2923 1144 2996 34,
1161 2925 1192 2982 2.

183 3013 233 3083 39,
249 3012 267 3068 2
287 3009 303 3068 I
322 3010 384 3068 269
397 3000 467 3089 sq.)‚
498 3008 592 3068 Cinna
615 3003 665 3088 (D.
681 3011 732 3083 35,
749 3013 775 3069 1.
795 3013 879 3086 40,1
900 3002 1024 3092 1272),
1052 3007 1193 3071 Aufidius

180 3099 229 3159 161
252 3098 385 3157 Namusa
411 3098 460 3156 161
484 3096 580 3157 Servii
603 3098 755 3158 auditores
780 3093 830 3178 (D.
846 3099 896 3174 33,
913 3101 942 3176 5,
957 3101 1007 3159 20.
1024 3099 1078 3180 35,
1095 3101 1123 3176 1,
1138 3102 1193 3180 40,

182 3190 210 3247 3.
231 3189 282 3262 33,
297 3189 327 3263 4,
343 3189 403 3260 6,1
430 3179 632 3267 12761611),
664 3188 790 3247 Alfenus
822 3188 871 3248 161
898 3188 996 3246 Varus
1027 3181 1078 3269 (D.
1094 3189 1145 3264 28,
1162 3191 1193 3268 1,

183 3278 233 3336 25.
254 3278 304 3352 32,
322 3276 371 3353 29,
387 3278 414 3335 2.
436 3278 486 3351 33,
502 3278 531 3352 4,
548 3279 566 3335 6
590 3275 606 3334 Ι
625 3278 698 3337 292.
718 3279 791 3337 298.
817 3268 908 3358 301),
937 3274 1044 3336 Ofilius
1071 3269 1122 3347 (D.
1138 3279 1194 3356 28,

185 3367 213 3441 6,
229 3366 269 3425 39
280 3385 326 3441 pr.
345 3384 380 3423 ex
399 3365 521 3424 oonsilio
539 3365 688 3426 Labeonis
703 3364 782 3426 Ofilii
798 3413 804 3424 .
820 3414 825 3425 .
842 3410 862 3445 .,
882 3368 933 3440 32,
945 3368 995 3442 29,
1007 3367 1034 3426 1.
1055 3367 1105 3439 32,
1118 3367 1194 3444 100,

185 3454 212 3510 1.
232 3453 283 3530 33,
299 3456 327 3530 4,
344 3456 371 3527 6,
389 3457 416 3514 1.
438 3456 488 3532 33,
505 3457 533 3528 7,
548 3456 598 3526 25,
615 3457 633 3512 2
659 3452 763 3514 Ofilius
786 3473 846 3514 non
868 3457 949 3514 recte
971 3457 1069 3530 putat,
1093 3455 1145 3531 33,
1163 3457 1194 3534 7,

184 3540 280 3617 26,1.
305 3543 480 3618 33,10,10
508 3540 658 3620 negabant
756 3543 855 3603 Labeo
884 3540 1070 3619 Ofilius...,
1094 3544 1145 3618 34,
1162 3545 1195 3622 2,
