2506 3880
172 186 239 250 130
274 185 296 242 1.
319 183 473 238 AETATIS
491 181 652 238 AUGUSTI
669 183 718 238 ET
736 182 872 238 TIBERII
890 183 987 240 Iulus
1006 183 1183 242 CONSULTI

172 348 330 413 lationem
362 367 428 411 non
449 345 564 424 ,solum
597 345 635 411 cd
670 348 808 428 rustica,
844 369 956 412 verum
989 347 1030 411 ad
1063 349 1182 414 urbana

177 456 303 522 quoque
325 435 458 520 praedia
480 436 642 520 pertinere
665 434 774 501 Labeo
799 436 919 501 scribit.

449 618 495 678 Dc
517 620 619 678 itinere
641 625 762 693 adaque
778 621 907 694 privato,

263 728 335 794 193.
367 727 473 812 D.43,
490 728 540 810 19,
558 730 637 812 3pr.
686 728 848 815 Ulpianus
876 729 960 794 libro
988 733 1177 818 septuagen-

172 818 253 882 simo
270 817 310 882 ad
325 817 467 882 edictum
480 815 529 900 (P.
541 815 667 904 lbbdb).
680 853 718 864 -
731 869 737 882 .
748 867 773 882 ..
789 817 897 882 Labeo
912 818 1039 882 scribit:
1055 818 1093 902 si,
1109 840 1178 884 cum

172 929 192 972 a
215 928 266 971 me
289 910 375 970 recte
397 906 453 971 via
475 906 628 990 utebaris,
650 907 786 971 fundum
805 905 986 990 vendidero,
1009 929 1069 990 per
1088 928 1177 992 quem

170 995 328 1078 utebaris,
357 994 471 1058 deinde
500 999 626 1078 emptor
653 999 686 1060 te
714 995 893 1080 prohibuit:
921 995 998 1060 licet
1025 997 1108 1061 clam
1135 996 1176 1060 vi-

172 1085 276 1150 dearis
305 1084 346 1148 ab
374 1104 412 1148 eo
440 1083 490 1148 uti
524 1083 628 1169 [(nam
657 1085 712 1169 qui
739 1083 923 1168 prohibitus
951 1084 1068 1169 utitur,
1099 1086 1177 1149 clam

171 1173 312 1257 utitur)],
329 1176 438 1237 tamen
457 1173 664 1238 interdictum
681 1174 743 1238 tibi
756 1176 937 1256 competere
951 1173 1038 1238 intra
1052 1195 1177 1258 annum,

171 1263 247 1348 quia
269 1263 331 1327 hoc
355 1280 440 1325 anno
463 1282 529 1325 non
552 1261 585 1326 vi
603 1284 670 1327 non
688 1263 773 1327 clam
791 1283 857 1326 non
875 1263 1020 1346 precario
1040 1285 1117 1328 usus
1136 1284 1176 1328 es.

261 1351 334 1416 194.
362 1347 401 1415 D.
419 1349 495 1414 ibid.
510 1353 530 1431 ἓ
548 1351 587 1415 16
611 1347 659 1438 (P.
676 1347 785 1438 1565).
811 1387 849 1397 —
875 1350 972 1434 Apud
994 1349 1174 1417 Labeonem

169 1441 348 1526 quaeritur,
380 1439 408 1503 si
440 1442 572 1522 pontem
605 1441 677 1525 quis
708 1461 830 1506 novum
861 1440 941 1505 velit
972 1438 1079 1505 facere
1107 1439 1173 1505 viae

168 1528 362 1594 muniendae
385 1548 492 1612 causa,
515 1549 557 1592 an
580 1529 609 1593 ei
627 1529 848 1613 permittatur:
871 1532 905 1592 et
922 1528 970 1593 ait
987 1529 1173 1613 permitten-

169 1618 255 1702 dum,
279 1617 372 1701 quasi
393 1639 470 1701 pars
495 1618 538 1681 sit
561 1617 749 1682 refectionis
773 1615 957 1682 huiusmodi
980 1617 1128 1684 munitio.

259 1706 331 1772 195.
362 1704 401 1771 D.
416 1707 446 1790 8,
460 1705 490 1791 5,
504 1707 534 1788 2,
549 1707 578 1772 3.
615 1706 705 1771 Idem
727 1702 916 1792 (Ulpianus)
935 1705 1020 1770 libro
1041 1707 1174 1790 septimo

168 1796 293 1863 decimo
309 1794 350 1860 ad
364 1795 502 1860 edictum
515 1792 563 1881 (P.
573 1794 676 1880 594⁵).
689 1831 726 1842 -
741 1793 903 1859 ...Labeo
915 1793 1039 1877 scribit,
1049 1795 1174 1859 etiamsi

167 1889 304 1950 testator
333 1905 410 1948 usus
439 1885 482 1948 sit
511 1884 569 1970 (sc.
593 1881 724 1972 itinere)
748 1885 803 1969 qui
825 1884 951 1968 legavit
973 1905 1069 1948 usum
1092 1884 1174 1948 fruc-

166 1978 250 2058 tum,
279 1973 393 2037 debere
421 1973 501 2036 utile
524 1971 732 2037 interdictum
755 1973 931 2037 fructuario
956 1972 1041 2059 deri,
1069 1994 1173 2058 quem·

168 2062 339 2127 admodum
366 2061 478 2125 heredi
506 2062 557 2125 vel
586 2064 726 2146 emptori
754 2065 942 2146 competunt
971 2061 1051 2126 haec
1080 2064 1174 2126 inter·

165 2150 259 2215 dicta.

414 2243 461 2302 De
483 2261 561 2316 cccc
583 2244 739 2302 ccttc’dc’cnc
762 2249 788 2304 et
810 2247 927 2306 aestivo.

258 2353 330 2418 196.
364 2351 403 2419 D.
417 2353 469 2432 43,
483 2353 537 2437 20,
553 2355 581 2435 1,
597 2354 649 2418 12.
694 2351 853 2438 Ulpianus
874 2355 958 2419 libro
983 2358 1173 2440 septuagen-

169 2442 251 2507 simo
276 2442 316 2507 ad
336 2442 475 2507 edictum
496 2440 544 2530 (P.
561 2438 671 2529 1569).
693 2479 731 2490 —
751 2442 860 2509 Labeo
880 2442 1002 2526 scribit,
1026 2444 1088 2508 etsi
1106 2442 1174 2528 qui·

166 2532 241 2597 dam
265 2532 379 2597 ductus
403 2553 560 2617 aquarum
582 2554 648 2597 non
671 2532 715 2597 sit
736 2531 842 2611 fundi,
873 2530 949 2616 quia
973 2552 1171 2618 quocumque

167 2621 241 2687 duci
263 2620 406 2706 possint,
428 2625 539 2686 temen
562 2621 601 2686 ad
624 2621 687 2687 hoc
710 2621 914 2686 interdictum
938 2621 1109 2706 pertinere.

255 2712 326 2776 197.
351 2708 391 2776 D.
405 2710 480 2775 ibid.
495 2714 515 2792 ξ
532 2711 582 2776 13.
605 2747 642 2756 -
664 2710 753 2776 Idem
772 2711 881 2776 Labeo
902 2710 1024 2793 scribit,
1048 2705 1173 2775 etiamsi

163 2803 296 2885 praetor
319 2800 381 2864 hoc
404 2798 576 2865 interdicto
596 2799 635 2863 de
654 2800 746 2884 aquis
765 2798 893 2886 frigidis
913 2800 1042 2884 sentiat,
1064 2803 1172 2864 tamen

164 2889 203 2952 de
227 2887 340 2953 calidis
364 2888 457 2971 aquis
481 2887 653 2952 interdicta
676 2910 741 2953 non
764 2909 834 2953 esse
858 2887 1060 2974 deneganda:
1084 2907 1172 2952 nam-

163 2998 224 3061 que
251 2977 368 3040 harum
397 2996 523 3060 quoque
553 2997 709 3060 aquarum
738 2999 831 3041 usum
860 2998 929 3041 esse
956 2977 1173 3042 necessarium

164 3066 408 3148 [nonnunquam
433 3066 518 3128 enim
543 3065 753 3150 refrigeratae
777 3088 870 3131 usum
893 3066 1067 3151 irrigandis
1086 3063 1172 3150 agris

76 3142 87 3160 '
162 3155 357 3237 praestant}

255 3243 327 3308 198.
356 3240 395 3306 D.
409 3241 485 3306 ibid.
500 3244 520 3322 ξ
538 3243 578 3307 16
597 3238 647 3330 (Ρ.
664 3239 774 3330 1510).
794 3280 836 3291 -
855 3243 941 3309 Illud
964 3243 1073 3309 Labeo
1097 3238 1174 3307 dicit

166 3351 277 3395 omnes
300 3333 409 3414 partes
432 3330 520 3396 illius
544 3331 636 3396 fundi
655 3333 728 3418 loci,
750 3335 784 3397 in
804 3355 900 3419 quem
919 3332 1020 3418 aqua¹
1040 3332 1174 3412 ducitur,

164 3417 305 3482 eiusdem
328 3440 462 3483 numero
487 3440 565 3486 esse.

239 3561 252 3606 1
273 3553 321 3609 Fl.
340 3554 428 3622 fundi,
446 3554 476 3609 in
495 3571 578 3624 quem
596 3557 653 3611 loci
671 3573 752 3626 aqua.
