2506 3880
157 161 220 224 160
256 160 277 216 I.
301 158 453 215 AETATIS
472 158 630 216 AUGUSTI
648 157 695 212 ΕΤ
713 157 848 212 TIBERII
865 157 961 213 IURIS
982 155 1165 213 CONSULTI
1241 211 1242 214 ,

153 325 268 407 possit,
294 323 388 389 simol
415 328 505 406 etque
523 303 575 388 ,ad
599 342 657 387 sos
682 321 828 387 redeundi
850 340 945 386 corsa
960 319 1103 403 profugit
1124 320 1165 386 ab

153 412 287 478 bostibres
313 417 342 476 et
371 413 458 477 istro
483 413 561 494 pines
587 411 711 494 imperii
739 411 839 476 nostri
864 429 926 476 esse
951 410 1057 494 coepit,
1078 414 1164 491 post·

155 501 277 566 liminio
299 502 411 567 redisse
434 501 672 566 esrssstimondrm
694 503 745 564 est.

395 719 430 778 X.
453 718 681 778 Posteriores
703 716 792 775 libri
814 706 925 797 XL(..)

244 859 514 937 Gell.13,10,2
556 855 646 918 ‘Sunt
669 903 677 920 .
700 905 707 918 .
730 857 800 917 libri
835 861 905 934 post
940 860 1067 917 mortem
1100 856 1166 917 eius

157 942 213 1029 (sc.
235 949 382 1009 Labeonis
406 943 547 1028 Antistii)
571 948 653 1025 editi,
676 947 728 1024 qui
750 946 929 1023 posteriores
952 941 1167 1022 inscribuntur,

155 1057 282 1115 quorum
313 1038 460 1097 librorum
491 1040 553 1096 tres
585 1036 732 1110 continui,
764 1035 955 1095 tricensimus
983 1038 1107 1094 octavus
1135 1040 1167 1094 ot

153 1127 343 1186 tricensimus
380 1143 475 1186 nonus
508 1131 539 1184 et
570 1123 838 1203 quadragensimus
869 1124 952 1200 ploni
984 1125 1055 1183 sunt
1083 1170 1089 1182 .
1113 1166 1121 1182 .
1146 1117 1165 1182 .'

153 1215 184 1275 in
216 1215 378 1274 Iustiniani
410 1232 528 1290 quoque
559 1213 693 1290 Digestis
725 1233 785 1273 non
816 1231 885 1272 raro
913 1211 1061 1272 Labeonis
1093 1212 1166 1271 libri

153 1300 1165 1452 essse..secessissesesessit

292 1413 302 1450 1
1012 1435 1018 1448 .

154 1412 269 1541 ‘Labcd
298 1480 383 1540 libris
415 1412 616 1556 podismorum
649 1471 781 1555 scripsit'
796 1436 844 1538 ’et
875 1478 911 1537 D.
941 1481 995 1556 17,
1016 1478 1048 1552 2,
1070 1435 1164 1556 ‹3st

156 1563 267 1630 ‘Labeo
283 1569 524 1646 ..posteriorum
542 1567 627 1628 libris
647 1560 787 1645 scripsit',
807 1568 844 1626 ab
858 1566 988 1642 Ulpiano
1003 1560 1045 1647 (v.
1061 1557 1166 1648 infra).

155 1658 229 1718 certi
251 1677 369 1735 quoque
393 1656 456 1717 eius
478 1657 576 1733 operis
598 1657 669 1717 libri
692 1657 858 1716 afferuntur
877 1661 907 1714 et
926 1675 944 1714 a
961 1655 1057 1714 Paulo
1077 1657 1108 1714 et
1126 1656 1165 1714 ab

153 1743 299 1824 Ulpiano,
331 1746 369 1806 ab
396 1746 453 1805 hoc
478 1745 555 1806 liber
581 1745 626 1804 Ν
653 1744 702 1821 (D.
722 1747 917 1828 28,5‚1,3‚5
951 1738 1043 1820 ‘apud
1070 1743 1167 1803 Labe-

155 1855 242 1896 onem
264 1836 342 1896 libro
367 1839 473 1912 quarto
497 1835 697 1912 posteriorum
720 1827 895 1911 quaeritur’,
916 1833 950 1893 D.
969 1833 1019 1910 28,
1035 1833 1063 1909 5,
1080 1833 1130 1912 17,
1147 1833 1166 1893 5

156 1918 268 1985 ‘Labeo
282 1926 389 2000 quanto
403 1924 604 2000 posteriorum
619 1916 777 2003 scripsit'),
790 1923 867 1981 liber
881 1921 925 1980 IX
939 1913 989 2003 (D.
1002 1924 1053 1996 33,
1064 1923 1092 1998 9,
1105 1923 1135 1994 3,
1147 1923 1166 1980 2

154 2006 266 2072 ‘Labeo
298 2013 375 2072 libro
407 2031 485 2072 nono
517 2013 717 2089 posteriorum
744 2002 889 2092 scribit’),
921 2010 998 2069 liber
1025 2009 1169 2069 XXXVH

155 2093 206 2181 (D.
221 2103 250 2178 4,
267 2103 295 2175 3,
311 2103 340 2178 9,
356 2101 374 2158 3
398 2094 509 2159 ‘Labeo
528 2101 604 2160 libro
623 2099 799 2177 trigessimo
819 2099 945 2176 septimo
963 2099 1168 2176 posteriorum

155 2183 299 2268 scribit),
329 2188 366 2246 ab
390 2188 442 2247 illo
466 2188 543 2247 libor
565 2187 722 2248 XXXVIII
745 2182 862 2269 (1148,
880 2188 1030 2266 13,11,2
1054 2181 1167 2247 ‘Labeo

156 2276 233 2336 libro
266 2276 442 2354 trigessimo
475 2280 580 2338 octavo
612 2276 811 2354 posteriorum
840 2278 1013 2353 peculatum
1041 2270 1168 2354 definit',

155 2364 191 2426 D.
211 2364 282 2424 ibid.
297 2363 352 2440 §6
382 2358 493 2424 ‘Labeo
520 2365 598 2425 libro
627 2366 804 2442 trigensimo
831 2368 937 2427 octavo
964 2365 1169 2442 posteriorum

157 2446 311 2534 scripsit’).
358 2453 504 2513 librorum
531 2474 674 2514 numerus
701 2453 900 2532 quadraginta
922 2453 1043 2514 videtur
1064 2453 1169 2514 fuisse.

157 2539 233 2601 Gall.
254 2545 303 2618 13,
326 2544 375 2618 10,
395 2545 423 2604 2.
460 2543 738 2606 cf.Pemic0169
767 2546 798 2602 et
824 2542 912 2602 infra.
949 2543 1015 2619 quis
1043 2561 1118 2619 opus
1150 2561 1169 2602 a

155 2630 294 2691 Labeone
321 2631 459 2692 relictum
488 2631 628 2711 ediderit,
656 2632 803 2692 tradItum
825 2634 961 2691 nonest.
1006 2630 1168 2691 Iavolenus

155 2723 257 2780 autem
280 2720 400 2780 Priscus
423 2739 459 2780 ex
481 2721 629 2782 Labeonis
652 2721 737 2782 libris
760 2721 922 2797 epitomen,
950 2720 1012 2797 vel,
1041 2723 1077 2778 ut
1100 2720 1167 2797 qui·

155 2809 224 2868 dam
246 2809 304 2869 viri
328 2808 408 2868 docti
429 2812 554 2888 putant,
584 2809 659 2870 duas
682 2809 827 2886 epitomas
848 2809 989 2886 confecit,
1018 2827 1094 2886 quae
1118 2826 1168 2868 res

156 2897 331 2976 diligentius
354 2897 535 2973 exploranda
557 2905 613 2956 est.

246 2985 463 3045 Tribonianum
498 2986 530 3045 in
560 2985 695 3065 Digestis
731 2986 942 3063 componendis
977 3004 1037 3046 non
1072 2985 1168 3062 ipsius

155 3074 303 3134 Labeonis
334 3074 432 3150 libris,
465 3074 516 3133 sod
548 3075 678 3151 epitome
709 3077 829 3134 tantum
860 3093 949 3135 usum
982 3092 1047 3133 osse
1077 3074 1168 3134 index

157 3163 348 3223 Florentinus
366 3158 489 3239 indicat,
508 3163 560 3240 qui
578 3163 651 3224 haec
669 3164 770 3224 habet:
789 3163 953 3241 Λαβεῶνος
966 3163 1168 3239 posteriorum

155 3251 254 3329 βιβλία
281 3247 359 3311 δέκα.
402 3252 638 3330 fragmentorum
666 3255 767 3312 autem
789 3251 924 3313 Iauoleni
951 3252 983 3311 in
1004 3251 1169 3312 Iustiniani

155 3338 288 3415 Digestis
319 3340 484 3399 extantium
517 3342 597 3418 quod
629 3341 667 3401 ad
694 3340 919 3417 inscriptionem
950 3341 1073 3416 attinet,
1106 3341 1168 3401 duo

155 3427 247 3486 habes
266 3447 384 3505 genera,
404 3447 532 3505 quorum
545 3430 576 3489 in
590 3430 686 3490 altero
700 3429 843 3508 Iauoleni,
861 3429 894 3489 in
907 3429 1002 3489 altero
1016 3429 1168 3491 Labeonis

156 3532 263 3574 nomen
286 3516 415 3591 priorem
437 3518 537 3576 locum
559 3521 651 3578 tonet.
697 3522 769 3578 sunt
791 3519 870 3579 enim
893 3519 977 3578 haec:
