2550 3888
409 150 432 199 7.
455 145 492 198 M.
509 142 702 198 ANTISTIUS
721 142 840 198 LABEO
1086 143 1130 207 59

595 319 650 378 III.

148 447 155 458 ·
183 435 298 495 Paulus
326 436 403 495 libro
431 435 593 512 quadrege-
716 433 815 495 Lebeo
837 436 915 495 libro
934 435 1061 513 septimo
1079 435 1128 496 Pi-

115 527 191 586 eimo
206 544 286 584 nono
302 525 339 583 ad
353 525 483 584 edietum
497 525 533 582 D.
544 525 595 602 39,
650 519 1129 600 thenonaPeuloepitometorum

116 615 244 692 3,2,8.
268 641 305 658 «-
325 613 425 673 Labeo
449 614 505 689 eit,
528 631 595 672 eum
631 611 883 694 Ι1).22,3,28.
907 645 941 654 -
965 613 998 673 Si
1016 615 1147 674 arbiter*

114 703 288 781 quaeritur,
311 721 347 762 en
377 703 520 761 memorie
545 720 596 760 ex·
650 699 888 762 animadvertere
929 702 1049 781 debeat,
1089 721 1127 762 en

9 809 10 858 ἶ
89 781 177 852 'stet
201 793 284 851 lecto
310 809 412 870 opere,
433 809 494 851 non
517 779 607 849 diem¹
650 789 749 865 operis
767 791 841 849 fecti
858 791 1003 850 memorie
1023 795 1128 870 exstet,
1170 855 1172 862 ¹

115 885 147 940 et
183 879 337 940 consulem
374 879 413 939 ed
448 879 596 956 liquidum
648 877 705 936 hoo
730 878 758 937 ei
781 879 984 956 quaerendum
1007 883 1066 957 eet,
1089 899 1128 939 en

113 970 343 1048 exquirendum,
372 968 423 1028 sed
449 967 595 1045 sufficere,
649 965 757 1043 aliquis
787 969 957 1028 meminerit
988 967 1020 1027 id
1051 986 1126 1046 opus

114 1059 141 1117 ei
173 1057 253 1136 quis'
273 1057 350 1116 sciat
380 1058 494 1116 fectum
522 1073 595 1130 esse,
649 1055 763 1114 fectum
787 1073 860 1116 esee.

114 1149 170 1207 hoc
190 1147 291 1225 eet,·si
313 1147 427 1205 factum
448 1161 513 1204 eene
536 1163 595 1204 non

112 1237 302 1312 ambigetur3
333 1253 387 1294 nec
414 1235 518 1310 utique
545 1253 595 1293 ne-

113 1341 197 1384 ceoee
239 1340 307 1383 esee
349 1338 503 1398 superesse
543 1323 595 1400 qui

113 1413 313 1484 meminerint,
332 1431 438 1472 verum
459 1411 550 1470 etiem
570 1411 596 1470 si

7 1485 8 1516 ¹
111 1503 165 1579 qui
193 1501 432 1578 eudiocintem,
456 1498 508 1577 qu'i
531 1517 594 1559 me·

113 1590 210 1651 morie
232 1590 394 1650 tenuerint.
590 1677 593 1684 Α

581 1765 648 1836 Π.

6 1919 7 1964 3
179 1881 285 1943 Celsus
304 1882 382 1941 libro
401 1883 487 1942 sexto
505 1881 593 1957 Dige·
713 1879 862 1957 Ulpianus
890 1880 966 1942 libro
995 1882 1124 1943 secundo

6 2003 7 2018 ,
109 1977 228 2033 storum
251 1971 289 2030 D.
310 1972 530 2049 12,1‚42,1.
553 2002 590 2013 -
647 1969 686 2028 ad
709 1969 840 2030 edictum
863 1970 901 2030 D.
918 1972 970 2048 45,
987 1974 1014 2048 1,
1030 1973 1081 2048 67,
1097 1975 1126 2030 1.

110 2061 212 2121 Labeo
237 2061 289 2136 eit,
312 2063 390 2119 cum'
404 2058 505 2118 decem
527 2057 593 2117 deri
647 2089 690 2099 -
721 2058 814 2134 Eum,
847 2059 901 2135 qui
927 2059 1029 2119 decem
1059 2062 1124 2120 duri
1218 2121 1221 2128 ,

6 2201 8 2220 ,
111 2150 211 2211 curari
243 2149 407 2226 stipulatus
440 2149 493 2224 sis,
525 2147 592 2206 ideo
647 2147 704 2206 sibi
739 2148 838 2206 curari
873 2149 1037 2224 stipulatus
1076 2151 1125 2229 eit,

6 2231 8 2304 l
109 2259 172 2299 non
205 2257 294 2315 posse
325 2240 356 2296 te
389 2237 489 2296 decem
521 2235 591 2294 dere
646 2255 706 2295 non
718 2237 917 2311 possedecem
930 2241 1124 2315 petere,quo·

111 2331 253 2405 opoitere
301 2325 470 2402 intendere,
498 2329 500 2334 ’
520 2323 592 2402 quin
646 2325 727 2383 nium
744 2326 841 2400 possit
858 2327 1021 2401 promissor
1038 2347 1124 2386 reum

6 2449 8 2470 ,
110 2419 204 2476 etiem
241 2411 326 2474 reum
364 2413 592 2490 locupletiorem
646 2413 826 2489 locupletem
863 2414 960 2474 dando
992 2415 1124 2491 liberari,

111 2505 210 2565 dando
258 2503 423 2582 promissor
469 2502 593 2562 liberari
646 2501 746 2561 Labeo
770 2503 826 2578 eit,
849 2502 938 2578 idque
964 2505 996 2563 et
1018 2503 1123 2564 Celsus

112 2596 217 2670 possit.
264 2611 324 2668 quo
354 2592 468 2651 scilicet
500 2591 591 2667 signi·
646 2590 1124 2667 libroeextoDigeetorumrefert.

115 2683 187 2741 ficet
204 2673 207 2678 ’
224 2701 286 2742 non
325 2700 389 2740 esse
426 2679 592 2758 cogendum

103 2791 184 2832 -eum
210 2770 345 2847 occipere
376 2769 533 2845 iudicium,
566 2767 592 2826 ei

6 2921 8 2940 ὲ
110 2879 196 2920 reum
219 2859 402 2933 locupletem
424 2857 537 2917 offeret.

601 3033 637 3094 V.

176 3153 327 3229 Ulpianus
349 3151 425 3209 libro
447 3149 590 3227 quinquo·
712 3147 860 3223 Ulpianus
891 3148 968 3208 libro
1002 3151 1124 3224 septue-

111 3243 247 3321 geneimo
279 3243 362 3300 sexto
392 3239 431 3297 ed
460 3238 592 3298 edictum
646 3236 780 3312 gensimo
806 3237 903 3311 primo
932 3237 970 3295 ed
993 3237 1124 3298 edictum

112 3331 147 3390 D.
165 3335 223 3408 47,
240 3333 272 3401 9,
289 3329 322 3406 3,
338 3332 370 3388 l.
388 3358 426 3369 -
447 3327 527 3403 quod
549 3327 593 3386 eit
646 3323 1050 3402 D.43,24,7‚4.-Est0t
1064 3328 1123 3388 alie.

113 3423 234 3496 praetor
257 3419 294 3477 de
318 3417 426 3476 domno
448 3417 527 3491 dcto,
549 3415 593 3473 ite
647 3413 789 3490 exceptio,
804 3413 841 3472 de
855 3411 1122 3489 queCelsusdubi-

113 3509 232 3568 demum
251 3508 351 3567 locum
367 3505 469 3581 habet,
482 3505 508 3564 si
524 3503 593 3563 dolo
647 3504 701 3577 tut,
716 3521 753 3561 en
768 3502 808 3562 sit
823 3501 984 3582 obicienda,
999 3506 1036 3563 ut
1048 3509 1124 3580 pute
