2508 3896
162 158 229 224 504
268 157 303 211 11.
330 156 398 212 TIB.
419 155 493 210 GAII
519 154 645 213 GLAUD.
664 154 800 212 NERON.
819 155 927 213 ΤΕΜΡ.
946 156 1044 212 IURIS
1068 156 1168 217 CONS.

161 327 320 403 angustam
349 323 440 384 habet
468 325 631 402 optionem,
663 323 689 385 si
717 323 874 384 dumtaxat
901 326 994 385 semel
1023 326 1093 386 data
1120 329 1168 388 est

160 413 249 490 optio,
269 413 397 489 amplius
415 432 506 490 quam
525 413 616 473 semel
635 416 739 490 optare
756 431 818 473 non
836 414 949 492 potest3
968 414 995 475 si
1012 414 1167 476 dumtaxat

158 501 219 578 bis,
254 502 383 578 amplius
415 521 505 580 quam
537 502 583 562 bis
615 502 736 578 optandi
769 502 946 562 facultatem
977 522 1036 564 nou
1067 503 1165 566 habet

159 593 302 651 vocantur
336 593 438 650 autem
474 591 506 650 hi
542 591 594 669 qui
628 591 805 651 nominatim
836 594 1018 652 testamento
1050 595 1166 653 tutores

159 679 276 757 dantur,
300 679 408 759 dativi,
431 680 483 757 qui
505 698 541 738 ex
563 679 683 756 optione
707 682 875 755 sumuntur,
899 674 1015 758 optivi?
1058 679 1121 742 (iai.
1138 685 1166 759 1,

250 871 322 937 105.
341 869 411 936 Gai.
425 871 455 955 2,
465 871 539 937 231.
554 907 596 917 -
612 867 712 956 (Ante
725 870 852 936 heredis
866 870 1104 937 institutionem
1118 871 1164 936 in-
1236 955 1237 958 Ἴ

158 959 282 1024 utiliter
304 960 434 1043 legatur
456 956 525 1046 ...)
565 961 670 1024 nostri
697 964 920 1043 praeceptores
943 982 1003 1025 neo
1026 965 1163 1026 tutorem
1236 971 1237 1022 t

158 1070 196 1113 eo
220 1049 292 1114 loeo
315 1048 385 1113 dari
407 1070 504 1132 posse
528 1048 726 1112 existimant

246 1159 459 1236 Fragmentum
474 1160 535 1218 iam
549 1177 640 1236 supra
657 1180 686 1236 p.
700 1161 765 1220 415
783 1161 913 1220 relatum
927 1161 983 1220 boo
1002 1162 1066 1222 loeo
1084 1179 1165 1237 repe

158 1248 284 1309 tendum
304 1250 418 1324 putavi.

248 1358 334 1425 106?
353 1358 392 1424 D.
403 1359 456 1441 26,
465 1359 495 1436 2,
505 1359 535 1442 8,
547 1359 575 1423 1.
607 1357 767 1445 Ulpianus
781 1359 866 1424 libro
881 1359 1034 1424 vicesimo
1050 1364 1164 1444 quarto

157 1447 199 1512 ad
223 1445 378 1512 Sabinum
402 1444 451 1533 (P.
469 1447 581 1532 2671).
602 1485 648 1497 —
671 1498 701 1538 ,3
723 1447 752 1511 si
775 1449 835 1513 sub
859 1447 1047 1514 condicione
1070 1447 1166 1514 tuerit

158 1539 248 1600 tutor
270 1536 378 1614 datus,
401 1536 569 1602 deficiente
593 1537 778 1603 condicione
800 1539 890 1601 tutor
913 1558 979 1602 non
1002 1537 1072 1601 erit.

247 1646 323 1707 Oum
344 1648 509 1723 praemissa
532 1649 593 1708 sint
614 1649 688 1708 baeo
709 1649 812 1709 verba:
835 1642 944 1708 ‘Tutor
962 1647 1052 1707 datus
1070 1649 1167 1709 vetari

159 1738 244 1796 tutor
283 1755 349 1796 esse
390 1740 492 1814 potest
526 1738 575 1798 vel
611 1739 791 1798 testamento
827 1738 876 1797 vel
912 1730 1080 1815 oodioillis'‚
1122 1756 1167 1798 se·

157 1830 289 1903 quantur
315 1826 400 1885 haee:
429 1820 585 1886 ‘Tutorem
611 1830 713 1887 autem
741 1828 772 1885 et
794 1844 813 1885 a
836 1831 916 1886 oerto
939 1828 1073 1902 tempore
1097 1826 1166 1886 dare

158 1917 191 1974 et
221 1932 316 1992 usque
345 1915 383 1976 ad
411 1917 523 1975 eertum
552 1918 670 1992 tempus
697 1915 769 1976 lieet
796 1918 828 1975 et
855 1915 910 1975 sub
938 1915 1109 1975 condicione
1136 1917 1168 1976 et

156 2022 253 2080 usque
281 2002 319 2062 ad
346 1998 569 2081 oondioionem',
600 2005 763 2064 Mommsen
789 2006 888 2065 notat:
921 1997 954 2079 ’ξ
979 2007 995 2062 1
1026 2004 1168 2066 eollooari

157 2090 262 2150 debuit
287 2093 358 2166 post
385 2089 404 2166 ἕ
429 2086 469 2152 2⁹.
515 2095 548 2150 at
573 2091 666 2152 Lenel
693 2093 725 2153 in
752 2093 814 2153 Pal.
842 2095 956 2152 monet:
984 2085 1078 2152 ‘haud
1106 2093 1167 2152 seio

156 2197 195 2238 an
223 2176 242 2254 ξ
264 2182 280 2237 1
306 2178 409 2238 Sabini
437 2179 552 2240 aliusve
580 2180 735 2241 cuiusdam
761 2182 837 2242 iuris
866 2181 996 2242 oonsulti
1018 2182 1168 2242 referatur

157 2267 318 2346 sententia,
341 2286 432 2343 quam
454 2267 600 2344 Ulpianus
623 2271 840 2348 interpretatur
862 2263 897 2346 §⁰
911 2263 952 2329 2⁹.

513 2439 557 2494 De
574 2440 695 2510 legitima
712 2441 806 2496 tutela.

246 2536 373 2613 ‘Quibus
400 2546 581 2606 testamento
605 2545 726 2622 quidem
747 2548 833 2606 tutor
854 2546 943 2606 datus
964 2564 1025 2607 non
1049 2545 1103 2623 sit,
1128 2546 1168 2606 iis

157 2651 193 2692 ex
215 2633 282 2711 lege
300 2632 360 2692 XII
382 2633 556 2695 tabularum
578 2635 684 2712 agnati
707 2638 778 2694 sunt
799 2638 925 2712 tutores,
948 2635 1000 2712 qui
1020 2637 1171 2696 vocantur

156 2721 285 2800 legitimi
303 2767 311 2782 .
326 2768 355 2783 ..
374 2727 405 2783 et
423 2723 495 2782 olim
514 2723 642 2799 quidem,
666 2727 811 2800 quantum
828 2723 866 2783 ad
884 2725 983 2802 legem
1001 2724 1061 2784 XII
1079 2725 1170 2785 tabu·

155 2812 255 2870 larum
281 2811 404 2890 attinet,
432 2812 523 2872 etiam
549 2811 680 2870 feminae
706 2814 833 2890 agnatos
860 2812 1012 2872 habebant
1037 2815 1168 2875 tutores.

157 2900 210 2959 sed
236 2902 341 2975 postea
367 2900 415 2960 lex
438 2898 565 2959 Claudia
590 2901 653 2959 lata
679 2902 737 2974 est,
768 2920 844 2976 quae
871 2900 951 2977 quod
976 2902 1016 2961 ad
1038 2902 1169 2962 feminas

158 2988 276 3066 attinet,
299 2992 478 3064 agnatorum
500 2988 613 3048 tutelas
637 2989 774 3066 sustulit3
801 2989 902 3067 itaque
925 2991 1075 3052 masculus
1100 2991 1168 3067 qui·

158 3076 226 3136 dem
253 3077 377 3153 inpubes
405 3078 530 3136 fratrem
556 3077 699 3154 puberem
727 3081 782 3137 aut
803 3081 946 3154 patruum
969 3079 1061 3138 babet
1083 3081 1170 3139 tuto·
1237 3131 1238 3134 ,

157 3184 229 3244 rem,
252 3165 363 3225 femina
384 3183 456 3226 vero
480 3165 572 3225 talem
595 3167 704 3226 habere
728 3169 860 3226 tutorem
882 3185 942 3226 non
964 3186 1002 3244 po
1004 3170 1072 3228 t.est
1115 3167 1171 3228 sed

158 3254 328 3330 agnationis
355 3254 509 3331 quidem
500 3273 548 3313 1us
575 3255 681 3330 eapitis
705 3254 908 3316 deminutione
930 3256 1171 3333 perimitur...

158 3344 189 3399 et
211 3341 278 3400 ideo
302 3341 326 3400 si
351 3361 386 3400 ex
409 3340 524 3401 duobus
548 3342 650 3404 liberis
672 3343 716 3403 alt
703 3346 801 3403 terum
818 3347 912 3447 pater·
923 3343 1171 3422 emancipaverit,

157 3432 226 3501 post
249 3427 364 3488 obitum
387 3428 450 3488 eius
473 3433 579 3490 neuter
600 3431 644 3490 alt
631 3432 689 3491 teri
712 3433 912 3510 agnationis
903 3439 1005 3493 ruret
992 3437 1076 3493 tutor
1099 3450 1169 3492 esse

158 3516 266 3588 potest.
303 3535 371 3575 oum
393 3519 495 3578 autem
516 3519 555 3578 ad
575 3522 700 3596 agnatos
719 3521 816 3581 tutela
834 3521 974 3601 pertinet,
997 3541 1057 3582 non
1074 3520 1172 3582 simul
1237 3489 1238 3586 t
