2508 3896
416 168 441 216 2.
464 160 644 216 MASURIUS
665 159 818 217 SABINUS
1059 165 1125 230 555

112 352 150 392 ex
172 331 258 390 Pauli
285 329 362 389 libro
391 330 494 404 quinto
523 331 635 390 decimo
658 330 696 388 ad
720 329 863 390 Sabinum
887 323 933 412 (P.
950 325 1050 412 1874)
1074 351 1125 408 pe-

112 421 205 480 titum
223 422 314 494 atque
332 419 364 476 in
378 437 524 478 novorum
538 419 731 497 Digestorum
745 419 871 478 titulum
886 415 1000 480 ‘finium
1013 439 1123 498 regun-

112 502 232 569 dorum'
256 509 419 582 receptum.
457 506 595 567 Ouiacius
620 507 735 568 observ.
758 507 854 586 XXII,
869 511 910 569 38
935 511 1042 570 conicit
1065 529 1125 570 non

107 583 202 657 inodo
235 615 282 674 ea,
316 614 392 672 quae
419 596 531 656 Paulus
559 597 596 655 D.
618 599 667 669 10,
689 598 715 668 1,
735 598 804 669 4,7
838 616 874 656 ex
896 597 1059 675 Pomponio
1089 600 1125 658 de

111 687 231 747 actione
250 685 354 743 finium
372 685 573 762 regundorum
591 685 686 744 tradit
704 689 825 761 sumpta
839 705 903 745 esse
918 705 954 745 ex
967 686 1126 764 Pomponii

111 775 190 836 libro
218 771 349 833 XXXIII
380 773 418 832 ad
446 773 606 852 Sabinum,
636 773 688 834 sed
719 775 810 832 etiam
844 775 935 834 verba
965 773 984 850 ἐ
1009 779 1027 836 6
1062 769 1125 853 ‘qui

109 855 311 926 communem'
336 864 366 921 et
389 883 416 939 q.
432 881 454 922 s.
496 881 559 922 esse
579 861 691 942 Sabini,
716 855 836 937 ‘quibus
860 864 1008 923 subicitur
1031 865 1125 924 inter-

110 953 244 1030 pretatio
269 971 305 1012 ex
326 951 413 1010 libris
436 946 614 1027 Pomponii’.

229 1124 279 1189 Dc
300 1124 488 1204 adquirendo
509 1144 614 1188 reram
636 1144 699 1188 aec.
711 1125 849 1206 mancipi
870 1125 1014 1190 dominio.

203 1252 349 1324 Quoniam
380 1252 478 1327 priore
506 1252 604 1329 capite
633 1251 776 1312 Sabinum
805 1254 841 1313 de
868 1253 998 1329 mancipi
1024 1271 1124 1312 rerum

110 1343 245 1404 dominio
269 1340 452 1418 adquirendo
475 1341 586 1400 dixisse
609 1342 739 1401 vidimus
758 1335 801 1422 (p.
815 1334 904 1425 485),
927 1343 982 1401 boc
1004 1342 1069 1402 loco
1088 1341 1125 1400 de

108 1452 167 1494 neo
194 1431 324 1506 mancipi
351 1449 450 1514 rerum
478 1429 607 1490 dominio
635 1431 777 1505 disputat.
824 1424 1014 1507 ‘tugurium'‚
1041 1430 1124 1490 ouius

111 1521 296 1598 Pomponius
319 1518 352 1577 P.
369 1519 430 1578 752
460 1519 607 1578 rationem
634 1518 734 1595 habet,
762 1519 800 1578 ab
828 1521 951 1580 aedibus
974 1519 1126 1580 diversum

109 1630 167 1671 neo
189 1607 320 1684 mancipi
337 1626 385 1666 res
406 1607 575 1666 habebatur
599 1599 650 1688 (cf.
665 1605 770 1667 Ofilius
788 1601 940 1689 Ipsos),
963 1615 1056 1684 aeque
1080 1610 1124 1668 at·

109 1719 171 1779 que
194 1697 293 1774 navis,
317 1697 353 1755 de
373 1699 436 1771 'qua
458 1695 569 1755 Paulus
593 1696 626 1756 P.
643 1688 744 1756 1868b
767 1697 910 1773 disputat.

504 1873 552 1932 De
573 1875 734 1935 traditione.

202 1983 222 2048 ἵ
237 2035 265 2048 ..
290 1992 416 2065 apparet
443 1988 589 2065 quaedam
614 1989 748 2048 naturali
771 1989 836 2048 iure
859 1989 996 2065 alienari,
1024 1989 1126 2066 qualia

108 2082 185 2141 sunt
212 2097 247 2138 ea
273 2096 349 2153 quae
372 2077 534 2137 traditione
556 2077 738 2154 alienantur,
766 2079 912 2155 quaedam
935 2078 1029 2156 cirili3
1055 2097 1126 2137 nam

101 2165 342 2243 ,mancipationis
370 2169 401 2225 ot
427 2166 459 2226 in
486 2167 551 2226 iure
578 2166 719 2228 cessionis
824 2167 872 2228 ius
899 2170 1054 2245 proprIum
1080 2170 1126 2227 est

108 2257 225 2319 civium
248 2256 450 2315 Romanorum
474 2249 513 2315 ..'
539 2254 602 2316 Gai.
619 2259 646 2330 2,
662 2259 713 2317 65.
751 2250 871 2333 ‘magna
899 2304 927 2318 ..
956 2257 1124 2316 differentia

111 2349 162 2407 est
179 2346 259 2406 inter
276 2344 406 2420 mancipi
423 2362 471 2403 res
490 2346 521 2404 et
538 2362 593 2403 nec
609 2345 745 2420 mancipi.
781 2365 852 2406 narn
865 2365 913 2405 res
927 2363 981 2404 nec
996 2345 1126 2420 mancipi

112 2435 183 2511 ipsa
199 2433 360 2494 traditione
378 2428 466 2508 pleno
484 2433 548 2491 iure
567 2433 690 2492 alterius
709 2433 794 2510 fiunt,
813 2434 839 2492 si
852 2434 939 2493 modo
955 2433 1125 2510 corporales

111 2526 186 2585 sunt
208 2526 238 2582 et
262 2522 299 2581 ob
320 2521 351 2579 id
369 2521 516 2596 recipiunt
533 2521 735 2580 traditionem.
771 2522 873 2596 itaquo
893 2522 919 2582 si
936 2521 993 2581 tibi
1010 2524 1126 2580 vestem

109 2613 163 2674 vel
194 2630 300 2671 aurum
331 2611 380 2670 vel
412 2611 571 2686 argentum
602 2609 753 2668 tradidero
786 2609 849 2668 sive
881 2629 918 2668 ex
945 2608 1125 2668 venditionis

110 2719 206 2762 causa
229 2701 291 2760 sivo
314 2717 350 2758 ex
373 2697 540 2758 donationis
564 2697 828 2773 sirequarisalia
847 2716 999 2774 excausa,
1023 2697 1126 2756 statim

104 2793 167 2850 tua
190 2788 226 2848 fit
249 2806 284 2847 ea
306 2805 362 2863 res,
386 2787 521 2847 simodo
544 2805 600 2865 ego
624 2787 687 2846 eius
710 2786 846 2846 dominus
870 2786 936 2845 sim.
971 2785 1126 2844 incedam

107 2897 205 2940 causa
228 2879 299 2937 sunt
320 2876 515 2952 provincialia
537 2871 680 2953 praedic?
718 2874 781 2935 Gai.
797 2879 826 2954 2,
843 2877 981 2936 18—21.

504 3053 551 3112 Dc
573 3056 739 3116 accessione.

204 3168 250 3227 De
282 3167 449 3227 accessione
481 3169 620 3228 dixerunt
650 3167 778 3228 Alfenus
806 3161 835 3248 (Ι
852 3190 881 3245 p.
901 3162 993 3250 304),
1026 3169 1126 3230 Labeo

110 3253 161 3342 (H
179 3279 209 3335 p.
230 3254 321 3336 237),
348 3257 450 3316 Nerva
479 3251 521 3333 (p.
541 3258 603 3318 306
615 3250 681 3338 sq.).
728 3256 872 3317 Sabinum
899 3258 935 3316 de
962 3259 1065 3318 eadem
1093 3280 1126 3319 re

112 3347 226 3406 dixisse
250 3348 384 3422 apparet.
420 3346 456 3404 cf.
470 3345 574 3422 Pomp.
588 3346 622 3404 P.
639 3348 700 3408 751
721 3345 741 3422 ξ
754 3349 781 3406 1.
805 3347 888 3406 Paul.
902 3347 935 3406 P.
947 3341 1048 3408 isael
1067 3346 1086 3425 ξ
1099 3352 1126 3410 1,

206 3429 243 3496 ἵ.
266 3434 298 3493 id
320 3435 399 3510 quod
421 3435 452 3492 in
476 3436 539 3495 solo
562 3438 664 3496 nostro
687 3437 724 3496 ab
744 3435 845 3512 aliquo
865 3436 1054 3497 aedificatum
1072 3441 1127 3515 est,

106 3524 253 3604 «quamvis
271 3523 324 3583 ille
341 3541 393 3584 suo
407 3523 525 3584 nomine
540 3525 750 3602 aedificaverit,
768 3524 832 3584 iure
847 3527 978 3586 naturali
990 3531 1128 3588 nostrum
