2508 3896
176 223 242 289 550
277 223 313 276 11.
337 223 405 280 rm.
430 223 505 279 unu
529 221 816 281 0010011001.
840 223 1062 280 intramnis
1082 224 1177 282 cous.
1237 217 1238 284 ζ

175 393 291 469 valent,
319 391 461 476 quamdiu
488 392 513 452 is
540 393 590 469 qui
614 412 648 452 ea
670 394 833 470 praecepit,
862 393 1021 470 imperium
1043 387 1180 453 habebit?

176 479 239 541 Gai.
255 482 284 554 4,
302 481 484 542 103-105.

267 582 309 646 1?
333 580 404 648 (iai.
420 585 449 667 1,
465 583 696 650 184.-011111
716 605 790 649 cum
808 584 889 667 legis
909 583 1053 650 actiones
1072 584 1107 648 in
1124 606 1182 649 usn

176 675 275 754 erant,
358 676 449 737 tutor
471 672 616 755 dabatur,
640 673 668 736 si
691 673 776 737 inter
798 675 940 736 tutorem
964 675 996 736 et
1019 671 1181 737 mulierem

178 761 379 844 pupillumve
407 761 478 844 lege
506 761 666 846 agendum
694 764 777 836 erat;
805 783 883 826 nam
905 761 981 845 qnia
1002 761 1074 844 ipsa
1097 764 1183 826 tutor

168 851 212 912 in
236 870 271 913 re
295 871 354 914 sua
377 853 490 914 auctor
513 871 671 915 essenon
693 853 830 934 poterat,
853 849 935 914 alius
953 849 1102 936 dabatur,
1124 871 1181 934 quo

175 941 306 1003 auctore
335 939 416 1022 legis
446 939 530 1003 actio
563 941 785 1024 perageretur,
818 939 873 1023 qui
901 937 1069 1002 dicebatur
1096 960 1181 1022 prae·

173 1027 291 1092 toriius
321 1029 424 1105 tutor,
456 1027 532 1110 qnia
560 1049 580 1092 a
606 1031 752 1111 praetore
780 1026 904 1092 urbano
932 1027 1082 1092 dabatur.
1131 1027 1182 1092 sed

176 1118 253 1199 post
276 1114 421 1180 sublatas
444 1116 526 1200 legis
551 1118 691 1181 actiones
716 1115 845 1200 quidam
868 1119 985 1200 putant
1007 1116 1093 1181 hanc
1117 1137 1181 1202 spe

175 1204 257 1268 ciam
285 1204 382 1268 dandi
410 1205 526 1269 tutoris
554 1206 588 1269 in
616 1227 676 1270 usu
706 1227 777 1270 esse
800 1205 948 1288 desiisse,
975 1204 1049 1269 aliis
1079 1210 1182 1270 cutem

50 1345 53 1348 .
173 1293 282 1376 placet
309 1292 411 1358 adhue
439 1293 472 1358 in
501 1316 561 1358 usu
585 1315 668 1377 esse,
695 1295 723 1358 si
746 1293 895 1379 legitimo
918 1293 1036 1357 iudicio
1062 1297 1182 1378 agatur.

263 1404 365 1464 Sabim
393 1405 572 1465 sententium
600 1406 722 1465 subesse
748 1405 819 1464 licet
842 1406 982 1465 conicere.
1029 1406 1068 1464 of.
1092 1404 1182 1466 Cassii

173 1493 353 1553 sententiam
367 1494 404 1552 ab
419 1493 549 1571 Ulpiano
563 1495 640 1554 libro
655 1494 797 1554 XXXVII
811 1495 849 1552 ad
864 1493 1007 1553 Sabinum
1022 1486 1071 1577 (P.
1082 1487 1180 1577 2837)
1237 1549 1238 1552 ,

173 1583 309 1642 relatam·
403 1664 447 1718 De
464 1664 676 1720 necessariorum
694 1665 726 1719 iu
744 1665 839 1718 litibus
857 1663 957 1731 officio.

262 1773 292 1837 2.
330 1771 466 1857 (10115,
492 1774 543 1860 13,
566 1774 597 1838 5.
632 1811 674 1820 -
712 1772 874 1837 Masurius
905 1821 944 1838 ..
975 1770 1116 1839 Sabinus
1151 1776 1183 1840 in

173 1860 257 1925 libro
294 1862 372 1926 iuris
408 1862 512 1927 civilis
545 1862 642 1927 tertio
675 1862 891 1946 antiquiorem
922 1861 1029 1926 locum
1063 1863 1184 1949 hospiti

172 1949 291 2013 tribuit
323 1972 420 2034 quam
453 1951 570 2016 clienti.
616 1951 714 2016 verba
742 1973 780 2014 ex
809 1971 846 2014 00
874 1950 958 2015 libro
986 1950 1067 2015 haee
1095 1959 1182 2018 sunt:

172 2038 217 2101 Iu
248 2039 360 2119 officiis
390 2040 477 2120 upucl
506 2042 639 2104 maiores
669 2041 715 2104 110
742 2039 931 2104 obseruatum
958 2043 1016 2106 est:
1044 2043 1186 2122 primum

173 2126 291 2208 tutelae,
314 2128 421 2191 deiude
441 2127 561 2211 1030111,
584 2129 692 2193 deiude
709 2129 820 2209 eliruli,
843 2133 908 2191 lum
926 2132 1061 2212 00011010,
1081 2135 1187 2212 postea

173 2215 281 2294 00101111,
340 2235 438 2296 aequa
478 2237 574 2281 causo
608 2217 743 2297 feminae
777 2216 853 2280 uiris
884 2217 1018 2298 potiores
1055 2217 1187 2302 11011100,

166 2303 396 2386 pupillarisque
428 2305 521 2369 tulela
552 2306 695 2371 muliebri
716 2305 872 2388 praelatu.
921 2307 1013 2370 elium
1040 2309 1188 2373 adversus
1236 2299 1238 2340 ¹

172 2413 261 2474 queue
283 2392 462 2477 adfuissent,
486 2395 552 2459 eius
573 2395 650 2476 filiis
668 2399 780 2460 tutores
797 2395 895 2459 relicti
916 2395 952 2458 iu
969 2396 1075 2459 eudem
1094 2417 1189 2463 causa

167 2481 290 2564 pupillo
313 2483 449 2547 uderuul.

262 2593 297 2654 cf.
312 2613 388 2670 qnae
404 2613 494 2670 supra
507 2615 535 2671 p.
542 2596 605 2656 409
622 2595 752 2671 exposui.
781 2595 817 2654 da
831 2595 1067 2655 necessariorum
1081 2597 1188 2658 officiis

173 2683 249 2742 dixit
257 2682 362 2742 Aelius
373 2681 477 2743 Gallus
488 2674 551 2765 (Ip.
559 2676 646 2766 247),
660 2684 759 2744 Labeo
775 2683 810 2743 de
822 2683 986 2744 officiorum
995 2687 1188 2747 mercedibus

166 2790 250 2847 quae
270 2775 354 2830 extra
374 2791 495 2831 causam
514 2772 706 2833 donationum
726 2774 794 2848 sint,
813 2775 924 2848 utputa
942 2773 967 2830 si
985 2773 1042 2832 tibi
1062 2775 1188 2836 adfuere

174 2858 220 2938 (Π
232 2881 260 2936 p'
277 2850 364 2940 mi
540 2940 584 2996 ne
602 2943 694 3010 osuio
711 2943 820 2997 ruerus.

262 3051 292 3115 3.
317 3049 399 3115 Gell.
411 3050 460 3132 14,
471 3050 501 3135 2,
514 3051 580 3115 1.2.
604 3088 647 3097 -
737 3050 841 3115 libros
864 3049 1031 3134 utriusque
1056 3052 1191 3140 linguae

174 3139 212 3203 de
241 3139 346 3204 officio
375 3139 486 3203 iudicis
514 3139 652 3225 scriptos
681 3139 872 3223 conquisivi,
899 3145 935 3204 ut
1043 3163 1116 3206 rem
1145 3144 1191 3208 iu·

174 3228 338 3292 dieiariam
449 3248 685 3313 cognoscerem.
731 3231 829 3312 atque
851 3229 886 3292 in
909 3228 1033 3293 dierum
1058 3231 1191 3314 quidem
1236 3249 1238 3308 l

176 3316 408 3380 diffissionibus
417 3317 862 3401 conperendinationibusque
870 3316 982 3381 etaliis
992 3317 1192 3401 quibusdam

174 3403 330 3484 legitimis
349 3404 466 3468 ritibus
486 3426 524 3468 ex
542 3405 614 3487 ipsa
633 3407 704 3488 lege
717 3405 801 3468 Iulia
821 3411 853 3468 et
871 3428 910 3470 ex
925 3403 1036 3470 Sabini
1050 3406 1193 3474 Masurii

175 3493 208 3550 et
244 3491 444 3572 quorundam
481 3493 617 3557 aliorum
651 3492 910 3576 iurisperitorum
943 3498 1192 3563 commentariis

175 3578 364 3640 commoniti
387 3585 420 3641 et
443 3578 666 3644 adminiculati
689 3602 808 3645 sumus.
