2508 3896
404 188 429 238 2.
452 181 637 240 masculus
656 183 809 240 SABINUS
1049 185 1114 251 551

99 343 111 404 ,’
194 344 237 411 4?
270 343 340 410 Gai.
358 346 391 432 4,
411 347 484 412 114.
511 383 555 395 -
582 344 736 431 Superest
767 351 804 412 ut
836 347 1056 432 dispiciamus,
1086 349 1115 414 si

106 436 181 501 ante
203 456 271 500 rem
294 434 467 500 iudicatam
490 435 518 500 is
542 457 615 501 eum
633 458 696 520 quo
715 436 832 522 agitur,
854 441 930 520 post
948 441 1115 522 acceptum

98 523 259 592 ‚iudicium
275 523 455 590 satisfaciat
469 526 581 610 actori,
595 525 671 609 quid
685 525 791 593 officio
805 524 918 590 iudicis
934 525 1115 611 conveniat,

105 616 212 678 utrum
236 613 411 696 absolvere,
434 635 476 678 an
499 613 571 678 ideo
594 615 703 698 potius
727 614 888 697 damnare,
912 615 989 698 quia
1006 615 1115 680 iudicii

98 701 282 784 accipiendi
314 704 458 786 tempore
491 702 525 766 in
557 723 595 767 aa
626 724 725 767 causa
756 703 866 785 fuerit,
897 705 935 766 ut
967 703 1116 769 damnari

105 789 230 855 debeat.
285 791 390 856 nostri
426 793 651 876 praeceptores
690 792 856 857 absolvere
893 812 966 855 eum
998 791 1114 858 debere

104 878 304 962 existimant,
336 901 395 944 nec
421 880 577 944 interesse
607 880 697 945 ouius
725 880 852 966 generis
881 880 924 945 sit
952 879 1113 948 iudicium.

105 971 139 1032 et
160 966 222 1032 hoc
241 969 394 1051 estquod
413 967 509 1052 vulgo
529 967 646 1033 dicitur
665 967 785 1034 Sabino
805 972 837 1033 at
856 965 968 1034 Cassio
986 969 1115 1052 placare

106 1057 216 1120 omnia
238 1056 357 1121 iudicia
381 1057 580 1122 absolutoria
603 1079 681 1121 esse.
722 1095 828 1102 -——
851 1057 890 1121 de
912 1057 1017 1122 bonae
1039 1057 1113 1125 fidei

105 1144 232 1210 iudiciis
256 1148 365 1210 autem
383 1145 467 1210 idam
488 1147 641 1232 sentiunt,
664 1147 740 1230 quia
758 1146 791 1210 in
811 1146 969 1211 eiusmodi
987 1145 1114 1211 iudiciis

96 1232 242 1297 'liberum
266 1238 315 1298 est
338 1234 480 1299 officium
502 1234 626 1300 iudicis.
666 1235 865 1300 tantumdem
884 1239 916 1298 et
935 1234 1026 1299 dein
1045 1257 1114 1299 rem

103 1321 286 1387 actionibus
309 1327 440 1408 putant,
468 1323 543 1408 quia
565 1322 723 1388 formulas
745 1324 852 1389 verbis
874 1323 908 1387 id
930 1323 1037 1408 ipsum
1061 1345 1112 1388 ex-

103 1411 270 1495 primatus.

433 1560 481 1618 De
502 1561 534 1619 ia
555 1561 620 1618 iure
641 1561 783 1618 cessione?

192 1676 240 1741 ‘In
266 1683 331 1742 iure
358 1683 452 1743 cessio
477 1731 483 1743 .
504 1731 509 1742 .
532 1684 588 1743 hoc
614 1683 701 1742 modo
724 1683 772 1742 fit:
799 1683 879 1760 apud
901 1684 1113 1760 magistratum

102 1770 206 1849 populi
219 1771 353 1842 Romani,
371 1773 468 1832 veluti
486 1775 664 1848 praetorem,
681 1773 708 1832 is
728 1772 777 1831 eui
795 1791 843 1831 res
861 1773 893 1831 in
907 1773 1112 1850 iurecaditur,

101 1880 167 1919 ram
184 1862 289 1920 tenens
306 1861 352 1920 ita
370 1861 454 1921 dicit:
473 1861 561 1920 Hunc
579 1879 634 1936 ego
652 1861 803 1920 hominem
821 1880 857 1920 ex
873 1862 937 1920 iure
952 1859 1114 1930 Quiritium

100 1969 203 2008 meum
221 1967 285 2008 asse
304 1950 359 2010 aio.
401 1949 506 2009 deinde
524 1954 683 2026 postquam
701 1950 750 2009 hic
767 1950 971 2025 vindicaverit,
992 1954 1113 2026 praetor

100 2038 270 2114 interrogat
292 2058 359 2097 eum
382 2039 433 2115 qui
451 2038 538 2111 cadit,
561 2058 600 2098 an
618 2042 722 2098 contra
739 2038 883 2117 vindicet3
907 2058 965 2116 quo
983 2043 1113 2114 negante

99 2129 157 2186 aut
187 2130 305 2187 tacente
332 2131 404 2187 tunc
431 2128 458 2186 ei
485 2128 538 2203 qui
563 2127 772 2202 vindicaverit,
804 2147 870 2187 eam
897 2147 961 2188 ram
989 2127 1112 2206 addicit3

100 2216 192 2292 idque
214 2215 290 2292 legis
313 2216 391 2276 actio
413 2220 546 2276 vocatur.
589 2218 646 2277 hoc
668 2217 733 2276 fieri
755 2220 856 2294 potest
878 2219 969 2277 etiam
991 2218 1022 2276 in
1045 2237 1112 2293 pro·

100 2304 209 2364 vinciis
232 2306 312 2380 apud
334 2307 485 2380 praesides
507 2300 631 2366 aarum?
668 2305 731 2367 Gai.
748 2309 776 2382 2,
792 2308 842 2366 24.
858 2309 909 2368 25.

191 2392 228 2452 In
245 2393 309 2452 iure
325 2394 418 2453 cessio
432 2395 511 2454 idem
524 2395 607 2454 valet
620 2397 709 2470 atque
724 2396 911 2470 mancipatio.
949 2395 1014 2455 Gai.
1024 2397 1052 2471 2,
1062 2396 1111 2454 22.

99 2474 168 2538 ‘sed
185 2481 250 2542 iura
265 2482 455 2558 praediorum
467 2483 651 2542 urbanorum
664 2483 696 2542 in
709 2485 773 2542 iure
787 2483 852 2542 cedi
866 2477 1026 2562 <tantum>
1041 2501 1109 2558 pos·

100 2563 195 2630 sunt'.
218 2570 379 2648 cetrae
404 2571 477 2630 item
486 2565 571 2630 ‘usus
580 2572 696 2630 fructus
705 2572 737 2629 in
746 2572 811 2631 iure
820 2572 983 2630 cessionem
992 2574 1111 2629 tantum

98 2658 217 2734 recipit.
253 2680 323 2719 uam
343 2660 478 2719 dominus
495 2659 688 2735 proprietatis
703 2659 756 2718 alii
769 2660 988 2718 usumfructum
1001 2659 1033 2717 in
1045 2658 1111 2718 iure

96 2749 207 2808 cedere
229 2752 337 2824 potest,
359 2753 395 2808 ut
416 2749 467 2808 ille
490 2748 710 2808 usumfructum
732 2749 843 2807 habeat
865 2751 896 2807 et
918 2749 982 2823 ipse
1000 2746 1111 2806 nudam

97 2837 318 2914 proprietatem
335 2837 472 2898 retineat.
509 2837 573 2913 ipse
590 2837 831 2897 usufructuariae
848 2837 880 2896 in
898 2837 963 2896 iure
979 2835 1110 2895 cedendo

96 2926 222 2986 domino
244 2926 438 3002 proprietatis
462 2926 681 2986 usumfructum
704 2919 805 3002 efficit,
828 2929 863 2985 ut
886 2944 904 2984 a
928 2943 959 2984 se
977 2924 1112 2984 discedat
1171 2932 1173 2937 “

95 3017 131 3074 et
156 3018 349 3074 convertatur
371 3016 403 3074 in
424 3015 651 3093 proprietatem
675 3015 727 3075 alii
749 3033 819 3076 vero
842 3015 874 3073 in
895 3015 960 3072 iure
981 3013 1111 3073 cedendo

96 3104 196 3164 nihilo
219 3104 318 3163 minus
340 3104 387 3164 ius
412 3123 499 3164 suum
521 3104 644 3179 retinat3
668 3104 799 3163 creditur
822 3105 902 3162 enim
924 3101 1112 3162 secessione

99 3188 180 3252 nihil
208 3193 265 3271 agi.
312 3193 363 3252 sed
391 3195 463 3252 haec
487 3191 600 3252 scilicet
621 3193 652 3250 in
675 3192 789 3253 Italicis
810 3191 942 3269 praediis
964 3191 1009 3250 ita
1032 3193 1112 3266 sunt,

89 3283 173 3359 ,quia
196 3285 227 3341 et
248 3282 314 3358 ipsa
338 3329 366 3343 ..
389 3282 422 3340 in
444 3283 508 3340 iure
531 3281 695 3340 cessionem
716 3281 871 3358 recipiunt.
916 3279 1112 3357 provincialia

95 3390 173 3431 vero
201 3370 324 3446 praedia
346 3370 377 3429 in
400 3372 464 3430 iure
488 3370 651 3429 cessionem
673 3389 732 3429 non
754 3371 912 3446 recipiunt.
956 3363 1021 3429 ‘sed
1044 3387 1112 3428 cum

94 3460 292 3520 ususfructus
329 3462 360 3519 et
395 3459 549 3520 hominum
581 3461 612 3518 et
643 3462 809 3518 ceterorum
841 3459 1013 3519 animalium
1045 3477 1112 3518 con·

93 3548 189 3610 stitui
223 3549 332 3624 possit,
368 3543 544 3626 intellegere
581 3549 721 3609 debemus
753 3550 860 3608 horum
890 3549 1113 3610 usumfructum
