<?xml version="1.0" encoding="UTF-8"?>
<!DOCTYPE html PUBLIC "-//W3C//DTD XHTML 1.0 Transitional//EN"
    "http://www.w3.org/TR/xhtml1/DTD/xhtml1-transitional.dtd">
<html xmlns="http://www.w3.org/1999/xhtml" xml:lang="en" lang="en">
 <head>
  <title>
</title>
<meta http-equiv="Content-Type" content="text/html;charset=utf-8" />
  <meta name='ocr-system' content='tesseract 3.04.00' />
  <meta name='ocr-capabilities' content='ocr_page ocr_carea ocr_par ocr_line ocrx_word'/>
</head>
<body>
  <div class='ocr_page' id='page_1' title='image "./iurisprudentiae04bremgoog_0508.png"; bbox 0 0 2508 3896; ppageno 0'>
   <div class='ocr_carea' id='block_1_1' title="bbox 153 85 1163 272">
    <p class='ocr_par' dir='ltr' id='par_1_1' title="bbox 153 85 1163 272">
     <span class='ocr_line' id='line_1_1' title="bbox 163 85 176 114; baseline 0 0"><span class='ocrx_word' id='word_1_1' title='bbox 163 85 176 114; x_wconf 71' lang='grc' dir='ltr'>ι</span> 
     </span>
     <span class='ocr_line' id='line_1_2' title="bbox 153 165 1163 272; baseline 0 -48"><span class='ocrx_word' id='word_1_2' title='bbox 153 169 221 234; x_wconf 78' lang='grc'><strong>520</strong></span> <span class='ocrx_word' id='word_1_3' title='bbox 265 167 298 223; x_wconf 90' lang='lat'><strong>11.</strong></span> <span class='ocrx_word' id='word_1_4' title='bbox 327 166 394 222; x_wconf 87' lang='lat' dir='ltr'><strong>TlB.</strong></span> <span class='ocrx_word' id='word_1_5' title='bbox 414 165 490 222; x_wconf 84' lang='lat' dir='ltr'>GAII</span> <span class='ocrx_word' id='word_1_6' title='bbox 514 166 642 223; x_wconf 68' lang='lat' dir='ltr'><strong>GMUD.</strong></span> <span class='ocrx_word' id='word_1_7' title='bbox 660 165 795 222; x_wconf 81' lang='lat' dir='ltr'><strong>NERON.</strong></span> <span class='ocrx_word' id='word_1_8' title='bbox 814 165 922 222; x_wconf 82' lang='grc' dir='ltr'><strong>ΤΕΜΡ.</strong></span> <span class='ocrx_word' id='word_1_9' title='bbox 940 165 1036 222; x_wconf 78' lang='lat' dir='ltr'><strong>lorus</strong></span> <span class='ocrx_word' id='word_1_10' title='bbox 1049 167 1163 272; x_wconf 62' lang='lat' dir='ltr'><strong>pom</strong></span> 
     </span>
    </p>
   </div>
   <div class='ocr_carea' id='block_1_2' title="bbox 113 334 1171 3601">
    <p class='ocr_par' dir='ltr' id='par_1_2' title="bbox 113 334 1167 2362">
     <span class='ocr_line' id='line_1_3' title="bbox 153 334 1167 415; baseline -0.001 -19"><span class='ocrx_word' id='word_1_11' title='bbox 153 335 239 396; x_wconf 88' lang='lat' dir='ltr'><strong>cuius</strong></span> <span class='ocrx_word' id='word_1_12' title='bbox 272 334 341 394; x_wconf 92' lang='lat' dir='ltr'><strong>dolo</strong></span> <span class='ocrx_word' id='word_1_13' title='bbox 372 337 426 394; x_wconf 88' lang='lat' dir='ltr'><strong>aut</strong></span> <span class='ocrx_word' id='word_1_14' title='bbox 457 335 545 410; x_wconf 88' lang='lat' dir='ltr'><strong>culpe</strong></span> <span class='ocrx_word' id='word_1_15' title='bbox 577 334 608 392; x_wconf 92' lang='lat' dir='ltr'><strong>id</strong></span> <span class='ocrx_word' id='word_1_16' title='bbox 639 335 792 412; x_wconf 75' lang='lat' dir='ltr'><strong>acciderit,</strong></span> <span class='ocrx_word' id='word_1_17' title='bbox 825 353 880 394; x_wconf 86' lang='lat' dir='ltr'><strong>nec</strong></span> <span class='ocrx_word' id='word_1_18' title='bbox 911 335 975 394; x_wconf 84' lang='lat' dir='ltr'><strong>ulla</strong></span> <span class='ocrx_word' id='word_1_19' title='bbox 1006 336 1067 394; x_wconf 88' lang='lat' dir='ltr'><strong>alia</strong></span> <span class='ocrx_word' id='word_1_20' title='bbox 1097 336 1167 415; x_wconf 82' lang='lat' dir='ltr'><strong>lege</strong></span> 
     </span>
     <span class='ocr_line' id='line_1_4' title="bbox 154 423 1163 501; baseline 0.002 -19"><span class='ocrx_word' id='word_1_21' title='bbox 154 424 297 482; x_wconf 85' lang='lat' dir='ltr'><strong>damnum</strong></span> <span class='ocrx_word' id='word_1_22' title='bbox 323 423 402 498; x_wconf 92' lang='lat' dir='ltr'><strong>quod</strong></span> <span class='ocrx_word' id='word_1_23' title='bbox 430 423 493 484; x_wconf 91' lang='lat' dir='ltr'><strong>sine</strong></span> <span class='ocrx_word' id='word_1_24' title='bbox 520 423 630 482; x_wconf 87' lang='lat' dir='ltr'><strong>iniuria</strong></span> <span class='ocrx_word' id='word_1_25' title='bbox 656 424 758 501; x_wconf 88' lang='lat' dir='ltr'><strong>datur,</strong></span> <span class='ocrx_word' id='word_1_26' title='bbox 789 423 1040 501; x_wconf 85' lang='lat' dir='ltr'><strong>reprehenditur3·</strong></span> <span class='ocrx_word' id='word_1_27' title='bbox 1061 425 1163 500; x_wconf 85' lang='lat' dir='ltr'><strong>itaque</strong></span> 
     </span>
     <span class='ocr_line' id='line_1_5' title="bbox 153 511 1162 589; baseline 0.002 -17"><span class='ocrx_word' id='word_1_28' title='bbox 153 512 309 588; x_wconf 88' lang='lat' dir='ltr'><strong>inpunitus</strong></span> <span class='ocrx_word' id='word_1_29' title='bbox 337 516 383 570; x_wconf 90' lang='lat' dir='ltr'><strong>est</strong></span> <span class='ocrx_word' id='word_1_30' title='bbox 410 513 461 589; x_wconf 94' lang='lat' dir='ltr'><strong>qui</strong></span> <span class='ocrx_word' id='word_1_31' title='bbox 488 511 551 572; x_wconf 90' lang='lat' dir='ltr'><strong>sine</strong></span> <span class='ocrx_word' id='word_1_32' title='bbox 579 513 669 589; x_wconf 83' lang='lat' dir='ltr'><strong>culpa</strong></span> <span class='ocrx_word' id='word_1_33' title='bbox 694 514 726 571; x_wconf 90' lang='lat' dir='ltr'><strong>et</strong></span> <span class='ocrx_word' id='word_1_34' title='bbox 747 511 815 570; x_wconf 92' lang='lat' dir='ltr'><strong>dolo</strong></span> <span class='ocrx_word' id='word_1_35' title='bbox 838 513 918 573; x_wconf 85' lang='lat' dir='ltr'><strong>malo</strong></span> <span class='ocrx_word' id='word_1_36' title='bbox 941 531 1012 572; x_wconf 86' lang='lat' dir='ltr'><strong>casu</strong></span> <span class='ocrx_word' id='word_1_37' title='bbox 1035 513 1162 589; x_wconf 87' lang='lat' dir='ltr'><strong>quodam</strong></span> 
     </span>
     <span class='ocr_line' id='line_1_6' title="bbox 154 600 1162 677; baseline 0 -16"><span class='ocrx_word' id='word_1_38' title='bbox 154 601 295 661; x_wconf 89' lang='lat' dir='ltr'><strong>damnum</strong></span> <span class='ocrx_word' id='word_1_39' title='bbox 323 600 491 661; x_wconf 86' lang='lat' dir='ltr'><strong>committit.</strong></span> <span class='ocrx_word' id='word_1_40' title='bbox 536 619 591 660; x_wconf 90' lang='lat' dir='ltr'><strong>nec</strong></span> <span class='ocrx_word' id='word_1_41' title='bbox 618 601 716 661; x_wconf 88' lang='lat' dir='ltr'><strong>solum</strong></span> <span class='ocrx_word' id='word_1_42' title='bbox 743 619 848 677; x_wconf 88' lang='lat' dir='ltr'><strong>corpus</strong></span> <span class='ocrx_word' id='word_1_43' title='bbox 876 601 907 659; x_wconf 90' lang='lat' dir='ltr'><strong>in</strong></span> <span class='ocrx_word' id='word_1_44' title='bbox 935 602 1052 660; x_wconf 88' lang='lat' dir='ltr'><strong>actione</strong></span> <span class='ocrx_word' id='word_1_45' title='bbox 1076 603 1162 662; x_wconf 84' lang='lat' dir='ltr'><strong>huius</strong></span> 
     </span>
     <span class='ocr_line' id='line_1_7' title="bbox 152 689 1162 768; baseline 0.002 -20"><span class='ocrx_word' id='word_1_46' title='bbox 152 690 230 768; x_wconf 84' lang='lat' dir='ltr'><strong>legis</strong></span> <span class='ocrx_word' id='word_1_47' title='bbox 259 689 448 767; x_wconf 75' lang='lat' dir='ltr'><strong>aestimatur,</strong></span> <span class='ocrx_word' id='word_1_48' title='bbox 476 690 528 749; x_wconf 85' lang='lat' dir='ltr'><strong>sed</strong></span> <span class='ocrx_word' id='word_1_49' title='bbox 557 708 626 749; x_wconf 88' lang='lat' dir='ltr'><strong>sano</strong></span> <span class='ocrx_word' id='word_1_50' title='bbox 655 690 681 749; x_wconf 88' lang='lat' dir='ltr'><strong>si</strong></span> <span class='ocrx_word' id='word_1_51' title='bbox 709 708 794 750; x_wconf 84' lang='lat' dir='ltr'><strong>servo</strong></span> <span class='ocrx_word' id='word_1_52' title='bbox 818 689 913 750; x_wconf 89' lang='lat' dir='ltr'><strong>occiso</strong></span> <span class='ocrx_word' id='word_1_53' title='bbox 936 690 1004 767; x_wconf 91' lang='lat' dir='ltr'><strong>plus</strong></span> <span class='ocrx_word' id='word_1_54' title='bbox 1028 691 1162 750; x_wconf 84' lang='lat' dir='ltr'><strong>dominus</strong></span> 
     </span>
     <span class='ocr_line' id='line_1_8' title="bbox 153 778 1161 856; baseline 0.002 -18"><span class='ocrx_word' id='word_1_55' title='bbox 153 779 255 855; x_wconf 86' lang='lat' dir='ltr'><strong>capiat</strong></span> <span class='ocrx_word' id='word_1_56' title='bbox 272 778 373 837; x_wconf 87' lang='lat' dir='ltr'><strong>damni</strong></span> <span class='ocrx_word' id='word_1_57' title='bbox 391 779 628 855; x_wconf 84' lang='lat' dir='ltr'><strong>quampretium</strong></span> <span class='ocrx_word' id='word_1_58' title='bbox 642 778 720 839; x_wconf 89' lang='lat' dir='ltr'><strong>servi</strong></span> <span class='ocrx_word' id='word_1_59' title='bbox 735 779 784 852; x_wconf 87' lang='lat' dir='ltr'><strong>sit,</strong></span> <span class='ocrx_word' id='word_1_60' title='bbox 802 778 833 837; x_wconf 94' lang='lat' dir='ltr'><strong>id</strong></span> <span class='ocrx_word' id='word_1_61' title='bbox 847 797 964 856; x_wconf 90' lang='lat' dir='ltr'><strong>quoque</strong></span> <span class='ocrx_word' id='word_1_62' title='bbox 980 779 1161 853; x_wconf 85' lang='lat' dir='ltr'><strong>aestimatur,</strong></span> 
     </span>
     <span class='ocr_line' id='line_1_9' title="bbox 153 867 1162 945; baseline 0 -18"><span class='ocrx_word' id='word_1_63' title='bbox 153 867 248 927; x_wconf 88' lang='lat' dir='ltr'><strong>veluti</strong></span> <span class='ocrx_word' id='word_1_64' title='bbox 271 867 297 927; x_wconf 90' lang='lat' dir='ltr'><strong>si</strong></span> <span class='ocrx_word' id='word_1_65' title='bbox 321 885 423 927; x_wconf 87' lang='lat' dir='ltr'><strong>servus</strong></span> <span class='ocrx_word' id='word_1_66' title='bbox 444 884 527 926; x_wconf 90' lang='lat' dir='ltr'><strong>meus</strong></span> <span class='ocrx_word' id='word_1_67' title='bbox 547 868 584 927; x_wconf 86' lang='lat' dir='ltr'><strong>ab</strong></span> <span class='ocrx_word' id='word_1_68' title='bbox 604 867 704 945; x_wconf 84' lang='lat' dir='ltr'><strong>aliquo</strong></span> <span class='ocrx_word' id='word_1_69' title='bbox 722 867 808 926; x_wconf 89' lang='lat' dir='ltr'><strong>heres</strong></span> <span class='ocrx_word' id='word_1_70' title='bbox 827 867 984 927; x_wconf 88' lang='lat' dir='ltr'><strong>institutus</strong></span> <span class='ocrx_word' id='word_1_71' title='bbox 1003 871 1162 945; x_wconf 87' lang='lat' dir='ltr'><strong>autequam</strong></span> 
     </span>
     <span class='ocr_line' id='line_1_10' title="bbox 152 955 1161 1033; baseline 0.002 -19"><span class='ocrx_word' id='word_1_72' title='bbox 152 956 237 1016; x_wconf 92' lang='lat' dir='ltr'><strong>iussu</strong></span> <span class='ocrx_word' id='word_1_73' title='bbox 259 974 325 1016; x_wconf 86' lang='lat' dir='ltr'><strong>meo</strong></span> <span class='ocrx_word' id='word_1_74' title='bbox 348 955 545 1016; x_wconf 72' lang='lat' dir='ltr'><strong>hereditatem</strong></span> <span class='ocrx_word' id='word_1_75' title='bbox 568 959 711 1030; x_wconf 87' lang='lat' dir='ltr'><strong>cerneret,</strong></span> <span class='ocrx_word' id='word_1_76' title='bbox 739 957 852 1016; x_wconf 89' lang='lat' dir='ltr'><strong>occisus</strong></span> <span class='ocrx_word' id='word_1_77' title='bbox 874 956 980 1033; x_wconf 76' lang='lat' dir='ltr'><strong>fuerit,</strong></span> <span class='ocrx_word' id='word_1_78' title='bbox 1002 974 1063 1016; x_wconf 89' lang='lat' dir='ltr'><strong>non</strong></span> <span class='ocrx_word' id='word_1_79' title='bbox 1087 956 1161 1016; x_wconf 86' lang='lat' dir='ltr'><strong>enim</strong></span> 
     </span>
     <span class='ocr_line' id='line_1_11' title="bbox 154 1044 1162 1122; baseline 0 -18"><span class='ocrx_word' id='word_1_80' title='bbox 154 1048 274 1105; x_wconf 87' lang='lat' dir='ltr'><strong>tantum</strong></span> <span class='ocrx_word' id='word_1_81' title='bbox 287 1044 381 1122; x_wconf 91' lang='lat' dir='ltr'><strong>ipsius</strong></span> <span class='ocrx_word' id='word_1_82' title='bbox 396 1044 527 1120; x_wconf 89' lang='lat' dir='ltr'><strong>pretium</strong></span> <span class='ocrx_word' id='word_1_83' title='bbox 540 1045 727 1121; x_wconf 83' lang='lat' dir='ltr'><strong>aestimatur,</strong></span> <span class='ocrx_word' id='word_1_84' title='bbox 742 1045 794 1104; x_wconf 87' lang='lat' dir='ltr'><strong>sed</strong></span> <span class='ocrx_word' id='word_1_85' title='bbox 806 1048 837 1104; x_wconf 89' lang='lat' dir='ltr'><strong>et</strong></span> <span class='ocrx_word' id='word_1_86' title='bbox 849 1044 1026 1104; x_wconf 84' lang='lat' dir='ltr'><strong>hereditatis</strong></span> <span class='ocrx_word' id='word_1_87' title='bbox 1036 1045 1162 1104; x_wconf 82' lang='lat' dir='ltr'><strong>amissas</strong></span> 
     </span>
     <span class='ocr_line' id='line_1_12' title="bbox 154 1133 1162 1211; baseline 0 -19"><span class='ocrx_word' id='word_1_88' title='bbox 154 1134 315 1211; x_wconf 73' lang='lat' dir='ltr'>quantitas.</span> <span class='ocrx_word' id='word_1_89' title='bbox 361 1133 435 1193; x_wconf 88' lang='lat' dir='ltr'><strong>item</strong></span> <span class='ocrx_word' id='word_1_90' title='bbox 463 1133 489 1192; x_wconf 88' lang='lat' dir='ltr'><strong>si</strong></span> <span class='ocrx_word' id='word_1_91' title='bbox 516 1152 551 1192; x_wconf 86' lang='lat' dir='ltr'><strong>ex</strong></span> <span class='ocrx_word' id='word_1_92' title='bbox 579 1133 715 1209; x_wconf 84' lang='lat' dir='ltr'><strong>gemellis</strong></span> <span class='ocrx_word' id='word_1_93' title='bbox 742 1135 791 1193; x_wconf 91' lang='lat' dir='ltr'><strong>vel</strong></span> <span class='ocrx_word' id='word_1_94' title='bbox 818 1152 853 1192; x_wconf 86' lang='lat' dir='ltr'><strong>ex</strong></span> <span class='ocrx_word' id='word_1_95' title='bbox 879 1134 1029 1192; x_wconf 86' lang='lat' dir='ltr'><strong>comoedis</strong></span> <span class='ocrx_word' id='word_1_96' title='bbox 1055 1134 1104 1194; x_wconf 88' lang='lat' dir='ltr'><strong>vel</strong></span> <span class='ocrx_word' id='word_1_97' title='bbox 1128 1152 1162 1193; x_wconf 89' lang='lat' dir='ltr'><strong>ex</strong></span> 
     </span>
     <span class='ocr_line' id='line_1_13' title="bbox 154 1221 1163 1300; baseline -0.001 -18"><span class='ocrx_word' id='word_1_98' title='bbox 154 1221 374 1300; x_wconf 85' lang='lat' dir='ltr'><strong>symphoniacis</strong></span> <span class='ocrx_word' id='word_1_99' title='bbox 407 1240 484 1281; x_wconf 89' lang='lat' dir='ltr'><strong>unus</strong></span> <span class='ocrx_word' id='word_1_100' title='bbox 516 1221 632 1281; x_wconf 89' lang='lat' dir='ltr'><strong>occisus</strong></span> <span class='ocrx_word' id='word_1_101' title='bbox 663 1222 768 1297; x_wconf 84' lang='lat' dir='ltr'><strong>fuerit,</strong></span> <span class='ocrx_word' id='word_1_102' title='bbox 798 1240 858 1281; x_wconf 91' lang='lat' dir='ltr'><strong>non</strong></span> <span class='ocrx_word' id='word_1_103' title='bbox 889 1221 987 1281; x_wconf 87' lang='lat' dir='ltr'><strong>solum</strong></span> <span class='ocrx_word' id='word_1_104' title='bbox 1014 1221 1103 1282; x_wconf 90' lang='lat' dir='ltr'><strong>ocoisi</strong></span> <span class='ocrx_word' id='word_1_105' title='bbox 1128 1222 1163 1281; x_wconf 88' lang='lat' dir='ltr'><strong>fit</strong></span> 
     </span>
     <span class='ocr_line' id='line_1_14' title="bbox 152 1304 1162 1388; baseline 0 -18"><span class='ocrx_word' id='word_1_106' title='bbox 152 1311 330 1387; x_wconf 72' lang='lat' dir='ltr'><strong>aestimatio,</strong></span> <span class='ocrx_word' id='word_1_107' title='bbox 354 1310 406 1370; x_wconf 85' lang='lat' dir='ltr'><strong>sed</strong></span> <span class='ocrx_word' id='word_1_108' title='bbox 429 1330 464 1369; x_wconf 88' lang='lat' dir='ltr'><strong>eo</strong></span> <span class='ocrx_word' id='word_1_109' title='bbox 486 1311 616 1386; x_wconf 89' lang='lat' dir='ltr'><strong>amplius</strong></span> <span class='ocrx_word' id='word_1_110' title='bbox 639 1304 712 1388; x_wconf 79' lang='lat' dir='ltr'><strong>(id)</strong></span> <span class='ocrx_word' id='word_1_111' title='bbox 737 1329 853 1388; x_wconf 87' lang='lat' dir='ltr'><strong>quoquo</strong></span> <span class='ocrx_word' id='word_1_112' title='bbox 875 1313 1066 1386; x_wconf 87' lang='lat' dir='ltr'><strong>computatur</strong></span> <span class='ocrx_word' id='word_1_113' title='bbox 1085 1309 1162 1386; x_wconf 89' lang='lat' dir='ltr'><strong>quod</strong></span> 
     </span>
     <span class='ocr_line' id='line_1_15' title="bbox 155 1397 1166 1477; baseline -0.001 -18"><span class='ocrx_word' id='word_1_114' title='bbox 155 1400 248 1459; x_wconf 90' lang='lat' dir='ltr'><strong>ceteri</strong></span> <span class='ocrx_word' id='word_1_115' title='bbox 282 1399 335 1475; x_wconf 91' lang='lat' dir='ltr'><strong>qui</strong></span> <span class='ocrx_word' id='word_1_116' title='bbox 366 1401 538 1477; x_wconf 83' lang='lat' dir='ltr'><strong>supersunt,</strong></span> <span class='ocrx_word' id='word_1_117' title='bbox 575 1399 736 1475; x_wconf 87' lang='lat' dir='ltr'><strong>depretiati</strong></span> <span class='ocrx_word' id='word_1_118' title='bbox 768 1402 846 1459; x_wconf 89' lang='lat' dir='ltr'><strong>sunt.</strong></span> <span class='ocrx_word' id='word_1_119' title='bbox 899 1397 979 1458; x_wconf 90' lang='lat' dir='ltr'><strong>idem</strong></span> <span class='ocrx_word' id='word_1_120' title='bbox 1011 1398 1087 1458; x_wconf 91' lang='lat' dir='ltr'><strong>iuris</strong></span> <span class='ocrx_word' id='word_1_121' title='bbox 1118 1401 1166 1458; x_wconf 88' lang='lat' dir='ltr'><strong>est</strong></span> 
     </span>
     <span class='ocr_line' id='line_1_16' title="bbox 154 1485 1164 1564; baseline 0.001 -17"><span class='ocrx_word' id='word_1_122' title='bbox 154 1488 245 1548; x_wconf 86' lang='lat' dir='ltr'><strong>etiam</strong></span> <span class='ocrx_word' id='word_1_123' title='bbox 273 1488 299 1547; x_wconf 85' lang='lat' dir='ltr'><strong>si</strong></span> <span class='ocrx_word' id='word_1_124' title='bbox 327 1507 363 1547; x_wconf 86' lang='lat' dir='ltr'><strong>ex</strong></span> <span class='ocrx_word' id='word_1_125' title='bbox 389 1487 456 1563; x_wconf 90' lang='lat' dir='ltr'><strong>pari</strong></span> <span class='ocrx_word' id='word_1_126' title='bbox 481 1489 630 1546; x_wconf 89' lang='lat' dir='ltr'><strong>mularum</strong></span> <span class='ocrx_word' id='word_1_127' title='bbox 652 1506 744 1547; x_wconf 90' lang='lat' dir='ltr'><strong>unam</strong></span> <span class='ocrx_word' id='word_1_128' title='bbox 766 1487 815 1548; x_wconf 89' lang='lat' dir='ltr'><strong>vel</strong></span> <span class='ocrx_word' id='word_1_129' title='bbox 838 1487 928 1546; x_wconf 90' lang='lat' dir='ltr'><strong>etiam</strong></span> <span class='ocrx_word' id='word_1_130' title='bbox 951 1506 987 1546; x_wconf 83' lang='lat' dir='ltr'><strong>ex</strong></span> <span class='ocrx_word' id='word_1_131' title='bbox 1008 1485 1164 1564; x_wconf 77' lang='lat' dir='ltr'><strong>quadrigis</strong></span> 
     </span>
     <span class='ocr_line' id='line_1_17' title="bbox 155 1576 1165 1652; baseline -0.002 -16"><span class='ocrx_word' id='word_1_132' title='bbox 155 1596 299 1652; x_wconf 89' lang='lat' dir='ltr'><strong>equorum</strong></span> <span class='ocrx_word' id='word_1_133' title='bbox 317 1595 409 1635; x_wconf 90' lang='lat' dir='ltr'><strong>unum</strong></span> <span class='ocrx_word' id='word_1_134' title='bbox 424 1576 572 1637; x_wconf 84' lang='lat' dir='ltr'><strong>occiderit</strong></span> <span class='ocrx_word' id='word_1_135' title='bbox 605 1576 688 1636; x_wconf 88' lang='lat' dir='ltr'><strong>cuius</strong></span> <span class='ocrx_word' id='word_1_136' title='bbox 703 1580 805 1635; x_wconf 88' lang='lat' dir='ltr'><strong>autem</strong></span> <span class='ocrx_word' id='word_1_137' title='bbox 818 1595 921 1637; x_wconf 88' lang='lat' dir='ltr'><strong>servus</strong></span> <span class='ocrx_word' id='word_1_138' title='bbox 936 1576 1051 1635; x_wconf 90' lang='lat' dir='ltr'><strong>occisus</strong></span> <span class='ocrx_word' id='word_1_139' title='bbox 1065 1580 1122 1651; x_wconf 87' lang='lat' dir='ltr'><strong>est,</strong></span> <span class='ocrx_word' id='word_1_140' title='bbox 1139 1579 1165 1635; x_wconf 87' lang='lat' dir='ltr'><strong>is</strong></span> 
     </span>
     <span class='ocr_line' id='line_1_18' title="bbox 153 1664 1165 1741; baseline 0 -17"><span class='ocrx_word' id='word_1_141' title='bbox 153 1665 282 1725; x_wconf 89' lang='lat' dir='ltr'><strong>liberum</strong></span> <span class='ocrx_word' id='word_1_142' title='bbox 304 1665 462 1724; x_wconf 82' lang='lat' dir='ltr'><strong>arbitrium</strong></span> <span class='ocrx_word' id='word_1_143' title='bbox 484 1665 577 1725; x_wconf 83' lang='lat' dir='ltr'><strong>habet</strong></span> <span class='ocrx_word' id='word_1_144' title='bbox 598 1665 648 1724; x_wconf 89' lang='lat' dir='ltr'><strong>vel</strong></span> <span class='ocrx_word' id='word_1_145' title='bbox 670 1664 792 1741; x_wconf 85' lang='lat' dir='ltr'><strong>capitali</strong></span> <span class='ocrx_word' id='word_1_146' title='bbox 816 1664 938 1724; x_wconf 88' lang='lat' dir='ltr'><strong>crimine</strong></span> <span class='ocrx_word' id='word_1_147' title='bbox 961 1682 1048 1723; x_wconf 89' lang='lat' dir='ltr'><strong>reum</strong></span> <span class='ocrx_word' id='word_1_148' title='bbox 1065 1665 1165 1724; x_wconf 78' lang='lat' dir='ltr'><strong>fucere</strong></span> 
     </span>
     <span class='ocr_line' id='line_1_19' title="bbox 154 1753 1165 1831; baseline 0.001 -18"><span class='ocrx_word' id='word_1_149' title='bbox 154 1773 223 1813; x_wconf 88' lang='lat' dir='ltr'><strong>eum</strong></span> <span class='ocrx_word' id='word_1_150' title='bbox 245 1753 298 1831; x_wconf 93' lang='lat' dir='ltr'><strong>qui</strong></span> <span class='ocrx_word' id='word_1_151' title='bbox 321 1754 469 1831; x_wconf 89' lang='lat' dir='ltr'><strong>occiderit,</strong></span> <span class='ocrx_word' id='word_1_152' title='bbox 492 1755 542 1815; x_wconf 92' lang='lat' dir='ltr'><strong>vel</strong></span> <span class='ocrx_word' id='word_1_153' title='bbox 564 1755 619 1812; x_wconf 83' lang='lat' dir='ltr'><strong>hac</strong></span> <span class='ocrx_word' id='word_1_154' title='bbox 641 1753 707 1830; x_wconf 86' lang='lat' dir='ltr'><strong>lege</strong></span> <span class='ocrx_word' id='word_1_155' title='bbox 730 1753 872 1812; x_wconf 90' lang='lat' dir='ltr'><strong>damnum</strong></span> <span class='ocrx_word' id='word_1_156' title='bbox 893 1753 1041 1829; x_wconf 85' lang='lat' dir='ltr'><strong>persequi.</strong></span> <span class='ocrx_word' id='word_1_157' title='bbox 1086 1753 1165 1829; x_wconf 89' lang='lat' dir='ltr'><strong>quod</strong></span> 
     </span>
     <span class='ocr_line' id='line_1_20' title="bbox 154 1835 1165 1919; baseline 0 -18"><span class='ocrx_word' id='word_1_158' title='bbox 154 1847 256 1902; x_wconf 88' lang='lat' dir='ltr'><strong>autem</strong></span> <span class='ocrx_word' id='word_1_159' title='bbox 275 1842 425 1902; x_wconf 83' lang='lat' dir='ltr'><strong>adiectum</strong></span> <span class='ocrx_word' id='word_1_160' title='bbox 443 1844 490 1904; x_wconf 89' lang='lat' dir='ltr'><strong>est</strong></span> <span class='ocrx_word' id='word_1_161' title='bbox 507 1842 539 1901; x_wconf 91' lang='lat' dir='ltr'><strong>in</strong></span> <span class='ocrx_word' id='word_1_162' title='bbox 555 1843 611 1902; x_wconf 82' lang='lat' dir='ltr'><strong>hac</strong></span> <span class='ocrx_word' id='word_1_163' title='bbox 624 1841 706 1919; x_wconf 81' lang='lat' dir='ltr'><strong>lege:</strong></span> <span class='ocrx_word' id='word_1_164' title='bbox 726 1835 843 1919; x_wconf 71' lang='lat' dir='ltr'><strong>‘quanti</strong></span> <span class='ocrx_word' id='word_1_165' title='bbox 856 1842 887 1899; x_wconf 89' lang='lat' dir='ltr'><strong>in</strong></span> <span class='ocrx_word' id='word_1_166' title='bbox 901 1860 935 1902; x_wconf 88' lang='lat' dir='ltr'><strong>co</strong></span> <span class='ocrx_word' id='word_1_167' title='bbox 950 1859 1027 1901; x_wconf 87' lang='lat' dir='ltr'><strong>anno</strong></span> <span class='ocrx_word' id='word_1_168' title='bbox 1041 1841 1165 1917; x_wconf 89' lang='lat' dir='ltr'><strong>plurimi</strong></span> 
     </span>
     <span class='ocr_line' id='line_1_21' title="bbox 155 1925 1167 2008; baseline 0 -18"><span class='ocrx_word' id='word_1_169' title='bbox 155 1949 191 1990; x_wconf 84' lang='lat' dir='ltr'><strong>ea</strong></span> <span class='ocrx_word' id='word_1_170' title='bbox 218 1949 266 1990; x_wconf 87' lang='lat' dir='ltr'><strong>ros</strong></span> <span class='ocrx_word' id='word_1_171' title='bbox 292 1925 406 2004; x_wconf 84' lang='lat' dir='ltr'><strong>fuerit’,</strong></span> <span class='ocrx_word' id='word_1_172' title='bbox 432 1931 509 1990; x_wconf 92' lang='lat' dir='ltr'><strong>illud</strong></span> <span class='ocrx_word' id='word_1_173' title='bbox 537 1931 641 2008; x_wconf 90' lang='lat' dir='ltr'><strong>efficit,</strong></span> <span class='ocrx_word' id='word_1_174' title='bbox 669 1931 694 1990; x_wconf 93' lang='lat' dir='ltr'><strong>si</strong></span> <span class='ocrx_word' id='word_1_175' title='bbox 722 1930 840 1990; x_wconf 89' lang='lat' dir='ltr'><strong>clodum</strong></span> <span class='ocrx_word' id='word_1_176' title='bbox 866 1931 941 2006; x_wconf 88' lang='lat' dir='ltr'><strong>puta</strong></span> <span class='ocrx_word' id='word_1_177' title='bbox 968 1931 1022 1990; x_wconf 85' lang='lat' dir='ltr'><strong>aut</strong></span> <span class='ocrx_word' id='word_1_178' title='bbox 1049 1931 1167 1990; x_wconf 89' lang='lat' dir='ltr'><strong>luscum</strong></span> 
     </span>
     <span class='ocr_line' id='line_1_22' title="bbox 155 2012 1167 2097; baseline 0 -19"><span class='ocrx_word' id='word_1_179' title='bbox 155 2038 275 2078; x_wconf 87' lang='lat' dir='ltr'><strong>servum</strong></span> <span class='ocrx_word' id='word_1_180' title='bbox 299 2019 452 2096; x_wconf 89' lang='lat' dir='ltr'><strong>occiderit,</strong></span> <span class='ocrx_word' id='word_1_181' title='bbox 476 2020 528 2097; x_wconf 90' lang='lat' dir='ltr'><strong>qui</strong></span> <span class='ocrx_word' id='word_1_182' title='bbox 550 2020 582 2079; x_wconf 90' lang='lat' dir='ltr'><strong>in</strong></span> <span class='ocrx_word' id='word_1_183' title='bbox 604 2038 638 2079; x_wconf 89' lang='lat' dir='ltr'><strong>eo</strong></span> <span class='ocrx_word' id='word_1_184' title='bbox 662 2037 738 2079; x_wconf 88' lang='lat' dir='ltr'><strong>auno</strong></span> <span class='ocrx_word' id='word_1_185' title='bbox 761 2019 879 2096; x_wconf 81' lang='lat' dir='ltr'><strong>integer</strong></span> <span class='ocrx_word' id='word_1_186' title='bbox 901 2012 1025 2097; x_wconf 73' lang='lat' dir='ltr'><strong>(fuant,</strong></span> <span class='ocrx_word' id='word_1_187' title='bbox 1047 2021 1084 2079; x_wconf 91' lang='lat' dir='ltr'><strong>ut</strong></span> <span class='ocrx_word' id='word_1_188' title='bbox 1106 2038 1167 2078; x_wconf 91' lang='lat' dir='ltr'><strong>non</strong></span> 
     </span>
     <span class='ocr_line' id='line_1_23' title="bbox 155 2106 1167 2185; baseline 0.003 -21"><span class='ocrx_word' id='word_1_189' title='bbox 155 2106 260 2184; x_wconf 86' lang='lat' dir='ltr'><strong>quanti</strong></span> <span class='ocrx_word' id='word_1_190' title='bbox 291 2107 397 2180; x_wconf 81' lang='lat' dir='ltr'><strong>fuerit,</strong></span> <span class='ocrx_word' id='word_1_191' title='bbox 429 2125 497 2166; x_wconf 90' lang='lat' dir='ltr'><strong>oum</strong></span> <span class='ocrx_word' id='word_1_192' title='bbox 524 2107 721 2185; x_wconf 75' lang='lat' dir='ltr'><strong>occideretur,</strong></span> <span class='ocrx_word' id='word_1_193' title='bbox 753 2108 805 2168; x_wconf 89' lang='lat' dir='ltr'><strong>sed</strong></span> <span class='ocrx_word' id='word_1_194' title='bbox 832 2107 936 2184; x_wconf 89' lang='lat' dir='ltr'><strong>quanti</strong></span> <span class='ocrx_word' id='word_1_195' title='bbox 963 2107 996 2166; x_wconf 93' lang='lat' dir='ltr'><strong>in</strong></span> <span class='ocrx_word' id='word_1_196' title='bbox 1023 2126 1058 2167; x_wconf 87' lang='lat' dir='ltr'><strong>eo</strong></span> <span class='ocrx_word' id='word_1_197' title='bbox 1088 2126 1167 2167; x_wconf 89' lang='lat' dir='ltr'><strong>anno</strong></span> 
     </span>
     <span class='ocr_line' id='line_1_24' title="bbox 113 2191 1165 2275; baseline 0.002 -22"><span class='ocrx_word' id='word_1_198' title='bbox 113 2263 118 2275; x_wconf 26' lang='grc' dir='ltr'><em>Α</em></span> <span class='ocrx_word' id='word_1_199' title='bbox 154 2191 299 2273; x_wconf 89' lang='lat' dir='ltr'><strong>plurimi&gt;</strong></span> <span class='ocrx_word' id='word_1_200' title='bbox 320 2194 425 2271; x_wconf 86' lang='lat' dir='ltr'><strong>fuerit,</strong></span> <span class='ocrx_word' id='word_1_201' title='bbox 449 2196 618 2256; x_wconf 86' lang='lat' dir='ltr'><strong>aestimatio</strong></span> <span class='ocrx_word' id='word_1_202' title='bbox 640 2196 707 2270; x_wconf 83' lang='lat' dir='ltr'><strong>fiat3</strong></span> <span class='ocrx_word' id='word_1_203' title='bbox 730 2215 788 2274; x_wconf 94' lang='lat' dir='ltr'><strong>quo</strong></span> <span class='ocrx_word' id='word_1_204' title='bbox 811 2197 854 2272; x_wconf 89' lang='lat' dir='ltr'><strong>fit,</strong></span> <span class='ocrx_word' id='word_1_205' title='bbox 879 2199 916 2255; x_wconf 91' lang='lat' dir='ltr'><strong>ut</strong></span> <span class='ocrx_word' id='word_1_206' title='bbox 938 2197 1005 2273; x_wconf 91' lang='lat' dir='ltr'><strong>quis</strong></span> <span class='ocrx_word' id='word_1_207' title='bbox 1028 2197 1099 2271; x_wconf 89' lang='lat' dir='ltr'><strong>plus</strong></span> <span class='ocrx_word' id='word_1_208' title='bbox 1121 2197 1165 2255; x_wconf 90' lang='lat' dir='ltr'><strong>in-</strong></span> 
     </span>
     <span class='ocr_line' id='line_1_25' title="bbox 154 2279 1041 2362; baseline 0 -19"><span class='ocrx_word' id='word_1_209' title='bbox 154 2284 498 2361; x_wconf 89' lang='lat' dir='ltr'><strong>terdum&#39;consequatur</strong></span> <span class='ocrx_word' id='word_1_210' title='bbox 520 2303 610 2362; x_wconf 87' lang='lat' dir='ltr'><strong>quam</strong></span> <span class='ocrx_word' id='word_1_211' title='bbox 633 2285 661 2344; x_wconf 88' lang='lat' dir='ltr'><strong>ei</strong></span> <span class='ocrx_word' id='word_1_212' title='bbox 684 2285 824 2344; x_wconf 89' lang='lat' dir='ltr'><strong>damnum</strong></span> <span class='ocrx_word' id='word_1_213' title='bbox 848 2286 951 2344; x_wconf 88' lang='lat' dir='ltr'><strong>datum</strong></span> <span class='ocrx_word' id='word_1_214' title='bbox 974 2279 1041 2344; x_wconf 84' lang='lat' dir='ltr'><strong>est&#39;</strong></span> 
     </span>
    </p>

    <p class='ocr_par' dir='ltr' id='par_1_3' title="bbox 153 2366 1168 2700">
     <span class='ocr_line' id='line_1_26' title="bbox 244 2366 1167 2454; baseline 0.001 -23"><span class='ocrx_word' id='word_1_215' title='bbox 244 2366 360 2447; x_wconf 77' lang='lat' dir='ltr'><strong>‘eapite</strong></span> <span class='ocrx_word' id='word_1_216' title='bbox 383 2373 511 2433; x_wconf 87' lang='lat' dir='ltr'><strong>secundo</strong></span> <span class='ocrx_word' id='word_1_217' title='bbox 531 2368 718 2454; x_wconf 84' lang='lat' dir='ltr'><strong>&lt;adversus&gt;</strong></span> <span class='ocrx_word' id='word_1_218' title='bbox 736 2373 984 2450; x_wconf 81' lang='lat' dir='ltr'><strong>adstipulatorem</strong></span> <span class='ocrx_word' id='word_1_219' title='bbox 1007 2373 1060 2448; x_wconf 91' lang='lat' dir='ltr'><strong>qui</strong></span> <span class='ocrx_word' id='word_1_220' title='bbox 1078 2392 1167 2449; x_wconf 92' lang='lat' dir='ltr'><strong>pecu·</strong></span> 
     </span>
     <span class='ocr_line' id='line_1_27' title="bbox 154 2460 1168 2538; baseline 0 -18"><span class='ocrx_word' id='word_1_221' title='bbox 154 2460 236 2520; x_wconf 92' lang='lat' dir='ltr'><strong>niam</strong></span> <span class='ocrx_word' id='word_1_222' title='bbox 255 2461 286 2520; x_wconf 90' lang='lat' dir='ltr'><strong>in</strong></span> <span class='ocrx_word' id='word_1_223' title='bbox 302 2460 438 2520; x_wconf 81' lang='lat' dir='ltr'><strong>fraudem</strong></span> <span class='ocrx_word' id='word_1_224' title='bbox 452 2462 638 2538; x_wconf 85' lang='lat' dir='ltr'><strong>stipulatoris</strong></span> <span class='ocrx_word' id='word_1_225' title='bbox 652 2464 803 2538; x_wconf 85' lang='lat' dir='ltr'><strong>acceptam</strong></span> <span class='ocrx_word' id='word_1_226' title='bbox 816 2462 928 2536; x_wconf 84' lang='lat' dir='ltr'><strong>fecerit,</strong></span> <span class='ocrx_word' id='word_1_227' title='bbox 948 2461 1053 2538; x_wconf 86' lang='lat' dir='ltr'><strong>quanti</strong></span> <span class='ocrx_word' id='word_1_228' title='bbox 1068 2480 1105 2520; x_wconf 86' lang='lat' dir='ltr'><strong>ea</strong></span> <span class='ocrx_word' id='word_1_229' title='bbox 1117 2479 1168 2520; x_wconf 88' lang='lat' dir='ltr'><strong>res</strong></span> 
     </span>
     <span class='ocr_line' id='line_1_28' title="bbox 155 2550 1166 2628; baseline -0.001 -19"><span class='ocrx_word' id='word_1_230' title='bbox 155 2554 210 2626; x_wconf 88' lang='lat' dir='ltr'><strong>est,</strong></span> <span class='ocrx_word' id='word_1_231' title='bbox 229 2551 307 2610; x_wconf 89' lang='lat' dir='ltr'><strong>tanti</strong></span> <span class='ocrx_word' id='word_1_232' title='bbox 325 2551 401 2610; x_wconf 87' lang='lat' dir='ltr'><strong>actio</strong></span> <span class='ocrx_word' id='word_1_233' title='bbox 420 2551 621 2611; x_wconf 82' lang='lat' dir='ltr'><strong>constituitur.</strong></span> <span class='ocrx_word' id='word_1_234' title='bbox 658 2570 717 2627; x_wconf 87' lang='lat' dir='ltr'><strong>qua</strong></span> <span class='ocrx_word' id='word_1_235' title='bbox 736 2553 767 2609; x_wconf 89' lang='lat' dir='ltr'><strong>ot</strong></span> <span class='ocrx_word' id='word_1_236' title='bbox 784 2551 851 2626; x_wconf 89' lang='lat' dir='ltr'><strong>ipsa</strong></span> <span class='ocrx_word' id='word_1_237' title='bbox 868 2551 954 2627; x_wconf 89' lang='lat' dir='ltr'><strong>parte</strong></span> <span class='ocrx_word' id='word_1_238' title='bbox 971 2550 1048 2628; x_wconf 84' lang='lat' dir='ltr'><strong>legis</strong></span> <span class='ocrx_word' id='word_1_239' title='bbox 1063 2551 1166 2609; x_wconf 91' lang='lat' dir='ltr'><strong>damni</strong></span> 
     </span>
     <span class='ocr_line' id='line_1_29' title="bbox 153 2633 986 2700; baseline -0.001 -1"><span class='ocrx_word' id='word_1_240' title='bbox 153 2639 274 2699; x_wconf 89' lang='lat' dir='ltr'><strong>nomine</strong></span> <span class='ocrx_word' id='word_1_241' title='bbox 297 2640 445 2699; x_wconf 87' lang='lat' dir='ltr'><strong>actionem</strong></span> <span class='ocrx_word' id='word_1_242' title='bbox 467 2640 616 2700; x_wconf 88' lang='lat' dir='ltr'><strong>introduci</strong></span> <span class='ocrx_word' id='word_1_243' title='bbox 638 2639 831 2699; x_wconf 86' lang='lat' dir='ltr'><strong>manifestum</strong></span> <span class='ocrx_word' id='word_1_244' title='bbox 854 2643 900 2698; x_wconf 83' lang='lat' dir='ltr'><strong>est</strong></span> <span class='ocrx_word' id='word_1_245' title='bbox 923 2633 986 2699; x_wconf 87' lang='lat'><strong>...&#39;</strong></span> 
     </span>
    </p>

    <p class='ocr_par' dir='ltr' id='par_1_4' title="bbox 154 2723 1171 3601">
     <span class='ocr_line' id='line_1_30' title="bbox 244 2723 1168 2805; baseline -0.004 -17"><span class='ocrx_word' id='word_1_246' title='bbox 244 2723 361 2805; x_wconf 75' lang='lat' dir='ltr'><strong>‘Capite</strong></span> <span class='ocrx_word' id='word_1_247' title='bbox 384 2729 474 2788; x_wconf 86' lang='lat' dir='ltr'><strong>tertio</strong></span> <span class='ocrx_word' id='word_1_248' title='bbox 499 2730 535 2787; x_wconf 90' lang='lat' dir='ltr'><strong>de</strong></span> <span class='ocrx_word' id='word_1_249' title='bbox 559 2729 639 2788; x_wconf 92' lang='lat' dir='ltr'><strong>omni</strong></span> <span class='ocrx_word' id='word_1_250' title='bbox 660 2732 757 2788; x_wconf 88' lang='lat' dir='ltr'><strong>cetero</strong></span> <span class='ocrx_word' id='word_1_251' title='bbox 776 2727 876 2786; x_wconf 86' lang='lat' dir='ltr'><strong>damni</strong></span> <span class='ocrx_word' id='word_1_252' title='bbox 895 2727 1027 2787; x_wconf 82' lang='lat' dir='ltr'><strong>cavetur.</strong></span> <span class='ocrx_word' id='word_1_253' title='bbox 1062 2727 1168 2802; x_wconf 85' lang='lat' dir='ltr'><strong>itaque</strong></span> 
     </span>
     <span class='ocr_line' id='line_1_31' title="bbox 155 2814 1168 2893; baseline -0.003 -17"><span class='ocrx_word' id='word_1_254' title='bbox 155 2818 182 2877; x_wconf 91' lang='lat' dir='ltr'><strong>si</strong></span> <span class='ocrx_word' id='word_1_255' title='bbox 219 2817 286 2893; x_wconf 91' lang='lat' dir='ltr'><strong>quis</strong></span> <span class='ocrx_word' id='word_1_256' title='bbox 323 2836 442 2876; x_wconf 87' lang='lat' dir='ltr'><strong>servum</strong></span> <span class='ocrx_word' id='word_1_257' title='bbox 477 2818 526 2877; x_wconf 87' lang='lat' dir='ltr'><strong>vel</strong></span> <span class='ocrx_word' id='word_1_258' title='bbox 559 2836 624 2876; x_wconf 87' lang='lat' dir='ltr'><strong>eam</strong></span> <span class='ocrx_word' id='word_1_259' title='bbox 655 2816 879 2892; x_wconf 85' lang='lat' dir='ltr'><strong>quadrupedem</strong></span> <span class='ocrx_word' id='word_1_260' title='bbox 910 2834 986 2893; x_wconf 86' lang='lat' dir='ltr'><strong>quae</strong></span> <span class='ocrx_word' id='word_1_261' title='bbox 1016 2814 1168 2890; x_wconf 89' lang='lat' dir='ltr'><strong>pecudum</strong></span> 
     </span>
     <span class='ocr_line' id='line_1_32' title="bbox 155 2900 1169 2983; baseline -0.001 -18"><span class='ocrx_word' id='word_1_262' title='bbox 155 2900 301 2983; x_wconf 85' lang='lat' dir='ltr'><strong>&lt;numero</strong></span> <span class='ocrx_word' id='word_1_263' title='bbox 329 2909 388 2981; x_wconf 92' lang='lat' dir='ltr'><strong>est,</strong></span> <span class='ocrx_word' id='word_1_264' title='bbox 415 2905 633 2979; x_wconf 85' lang='lat' dir='ltr'><strong>vulneraverit,</strong></span> <span class='ocrx_word' id='word_1_265' title='bbox 661 2907 723 2966; x_wconf 87' lang='lat' dir='ltr'><strong>sive</strong></span> <span class='ocrx_word' id='word_1_266' title='bbox 751 2924 815 2965; x_wconf 86' lang='lat' dir='ltr'><strong>eam</strong></span> <span class='ocrx_word' id='word_1_267' title='bbox 841 2903 1064 2981; x_wconf 88' lang='lat' dir='ltr'><strong>quadrupedem</strong></span> <span class='ocrx_word' id='word_1_268' title='bbox 1089 2921 1169 2981; x_wconf 85' lang='lat' dir='ltr'><strong>quae</strong></span> 
     </span>
     <span class='ocr_line' id='line_1_33' title="bbox 154 2990 1169 3074; baseline -0.002 -20"><span class='ocrx_word' id='word_1_269' title='bbox 154 2990 327 3074; x_wconf 88' lang='lat' dir='ltr'><strong>pecudum&gt;</strong></span> <span class='ocrx_word' id='word_1_270' title='bbox 359 3012 484 3053; x_wconf 88' lang='lat' dir='ltr'><strong>numero</strong></span> <span class='ocrx_word' id='word_1_271' title='bbox 516 3011 576 3052; x_wconf 90' lang='lat' dir='ltr'><strong>non</strong></span> <span class='ocrx_word' id='word_1_272' title='bbox 608 2996 668 3070; x_wconf 89' lang='lat' dir='ltr'><strong>est,</strong></span> <span class='ocrx_word' id='word_1_273' title='bbox 702 2994 797 3054; x_wconf 88' lang='lat' dir='ltr'><strong>veluti</strong></span> <span class='ocrx_word' id='word_1_274' title='bbox 830 3011 946 3071; x_wconf 89' lang='lat' dir='ltr'><strong>canem,</strong></span> <span class='ocrx_word' id='word_1_275' title='bbox 984 2995 1037 3052; x_wconf 90' lang='lat' dir='ltr'><strong>aut</strong></span> <span class='ocrx_word' id='word_1_276' title='bbox 1068 2992 1169 3052; x_wconf 87' lang='lat' dir='ltr'><strong>feram</strong></span> 
     </span>
     <span class='ocr_line' id='line_1_34' title="bbox 156 3080 1169 3160; baseline -0.002 -18"><span class='ocrx_word' id='word_1_277' title='bbox 156 3081 294 3160; x_wconf 89' lang='lat' dir='ltr'><strong>bestiam,</strong></span> <span class='ocrx_word' id='word_1_278' title='bbox 317 3082 413 3142; x_wconf 90' lang='lat' dir='ltr'><strong>veluti</strong></span> <span class='ocrx_word' id='word_1_279' title='bbox 435 3101 548 3154; x_wconf 87' lang='lat' dir='ltr'><strong>ursum,</strong></span> <span class='ocrx_word' id='word_1_280' title='bbox 570 3083 695 3158; x_wconf 85' lang='lat' dir='ltr'><strong>leonem,</strong></span> <span class='ocrx_word' id='word_1_281' title='bbox 718 3082 922 3144; x_wconf 73' lang='lat' dir='ltr'><strong>minoraverit</strong></span> <span class='ocrx_word' id='word_1_282' title='bbox 945 3081 993 3142; x_wconf 90' lang='lat' dir='ltr'><strong>vel</strong></span> <span class='ocrx_word' id='word_1_283' title='bbox 1016 3080 1169 3158; x_wconf 89' lang='lat' dir='ltr'><strong>occiderit,</strong></span> 
     </span>
     <span class='ocr_line' id='line_1_35' title="bbox 155 3169 1170 3247; baseline -0.002 -17"><span class='ocrx_word' id='word_1_284' title='bbox 155 3171 212 3231; x_wconf 84' lang='lat' dir='ltr'><strong>hoc</strong></span> <span class='ocrx_word' id='word_1_285' title='bbox 230 3172 328 3246; x_wconf 84' lang='lat' dir='ltr'><strong>capito</strong></span> <span class='ocrx_word' id='word_1_286' title='bbox 346 3170 424 3230; x_wconf 89' lang='lat' dir='ltr'><strong>actio</strong></span> <span class='ocrx_word' id='word_1_287' title='bbox 441 3171 644 3231; x_wconf 82' lang='lat' dir='ltr'><strong>constituitur.</strong></span> <span class='ocrx_word' id='word_1_288' title='bbox 679 3172 712 3230; x_wconf 91' lang='lat' dir='ltr'><strong>in</strong></span> <span class='ocrx_word' id='word_1_289' title='bbox 726 3171 832 3231; x_wconf 85' lang='lat' dir='ltr'><strong>ceteris</strong></span> <span class='ocrx_word' id='word_1_290' title='bbox 846 3188 962 3247; x_wconf 92' lang='lat' dir='ltr'><strong>quoque</strong></span> <span class='ocrx_word' id='word_1_291' title='bbox 976 3169 1170 3247; x_wconf 88' lang='lat' dir='ltr'><strong>animalibus,</strong></span> 
     </span>
     <span class='ocr_line' id='line_1_36' title="bbox 155 3258 1171 3337; baseline -0.002 -19"><span class='ocrx_word' id='word_1_292' title='bbox 155 3260 230 3318; x_wconf 87' lang='lat' dir='ltr'><strong>item</strong></span> <span class='ocrx_word' id='word_1_293' title='bbox 248 3261 278 3318; x_wconf 90' lang='lat' dir='ltr'><strong>in</strong></span> <span class='ocrx_word' id='word_1_294' title='bbox 298 3259 433 3319; x_wconf 83' lang='lat' dir='ltr'><strong>omnibus</strong></span> <span class='ocrx_word' id='word_1_295' title='bbox 452 3259 542 3319; x_wconf 88' lang='lat' dir='ltr'><strong>rebus</strong></span> <span class='ocrx_word' id='word_1_296' title='bbox 561 3278 637 3337; x_wconf 85' lang='lat' dir='ltr'><strong>quae</strong></span> <span class='ocrx_word' id='word_1_297' title='bbox 656 3260 756 3319; x_wconf 91' lang='lat' dir='ltr'><strong>anima</strong></span> <span class='ocrx_word' id='word_1_298' title='bbox 771 3262 882 3333; x_wconf 86' lang='lat' dir='ltr'><strong>carent,</strong></span> <span class='ocrx_word' id='word_1_299' title='bbox 901 3258 1043 3317; x_wconf 89' lang='lat' dir='ltr'><strong>damnum</strong></span> <span class='ocrx_word' id='word_1_300' title='bbox 1056 3258 1171 3318; x_wconf 84' lang='lat' dir='ltr'><strong>iniuria</strong></span> 
     </span>
     <span class='ocr_line' id='line_1_37' title="bbox 157 3346 1170 3425; baseline 0.002 -21"><span class='ocrx_word' id='word_1_301' title='bbox 157 3346 261 3406; x_wconf 87' lang='lat' dir='ltr'><strong>datum</strong></span> <span class='ocrx_word' id='word_1_302' title='bbox 293 3347 350 3406; x_wconf 89' lang='lat' dir='ltr'><strong>hac</strong></span> <span class='ocrx_word' id='word_1_303' title='bbox 380 3350 467 3423; x_wconf 84' lang='lat' dir='ltr'><strong>parte</strong></span> <span class='ocrx_word' id='word_1_304' title='bbox 498 3348 675 3410; x_wconf 88' lang='lat' dir='ltr'><strong>vindicatur.</strong></span> <span class='ocrx_word' id='word_1_305' title='bbox 725 3348 751 3408; x_wconf 88' lang='lat' dir='ltr'><strong>si</strong></span> <span class='ocrx_word' id='word_1_306' title='bbox 778 3347 849 3425; x_wconf 89' lang='lat' dir='ltr'><strong>quid</strong></span> <span class='ocrx_word' id='word_1_307' title='bbox 877 3348 956 3406; x_wconf 88' lang='lat' dir='ltr'><strong>enim</strong></span> <span class='ocrx_word' id='word_1_308' title='bbox 983 3351 1086 3406; x_wconf 90' lang='lat' dir='ltr'><strong>ustum</strong></span> <span class='ocrx_word' id='word_1_309' title='bbox 1112 3349 1170 3406; x_wconf 87' lang='lat' dir='ltr'><strong>aut</strong></span> 
     </span>
     <span class='ocr_line' id='line_1_38' title="bbox 156 3429 1170 3513; baseline 0.003 -23"><span class='ocrx_word' id='word_1_310' title='bbox 156 3439 279 3508; x_wconf 89' lang='lat' dir='ltr'><strong>ruptum</strong></span> <span class='ocrx_word' id='word_1_311' title='bbox 299 3437 352 3493; x_wconf 89' lang='lat' dir='ltr'><strong>aut</strong></span> <span class='ocrx_word' id='word_1_312' title='bbox 370 3435 499 3494; x_wconf 85' lang='lat' dir='ltr'><strong>fractum</strong></span> <span class='ocrx_word' id='word_1_313' title='bbox 517 3429 662 3513; x_wconf 85' lang='lat' dir='ltr'><strong>&lt;fuerit&gt;,</strong></span> <span class='ocrx_word' id='word_1_314' title='bbox 685 3437 761 3496; x_wconf 88' lang='lat' dir='ltr'><strong>actio</strong></span> <span class='ocrx_word' id='word_1_315' title='bbox 781 3437 837 3496; x_wconf 91' lang='lat' dir='ltr'><strong>hoo</strong></span> <span class='ocrx_word' id='word_1_316' title='bbox 857 3434 954 3510; x_wconf 86' lang='lat' dir='ltr'><strong>capite</strong></span> <span class='ocrx_word' id='word_1_317' title='bbox 973 3436 1170 3496; x_wconf 88' lang='lat' dir='ltr'><strong>constituitur</strong></span> 
     </span>
     <span class='ocr_line' id='line_1_39' title="bbox 233 3520 1170 3601; baseline 0.006 -24.539"><span class='ocrx_word' id='word_1_318' title='bbox 233 3520 288 3580; x_wconf 90' lang='lat' dir='ltr'><strong>hoc</strong></span> <span class='ocrx_word' id='word_1_319' title='bbox 310 3524 412 3581; x_wconf 86' lang='lat' dir='ltr'><strong>tamen</strong></span> <span class='ocrx_word' id='word_1_320' title='bbox 435 3522 532 3598; x_wconf 88' lang='lat' dir='ltr'><strong>capite</strong></span> <span class='ocrx_word' id='word_1_321' title='bbox 555 3542 614 3583; x_wconf 92' lang='lat' dir='ltr'><strong>nou</strong></span> <span class='ocrx_word' id='word_1_322' title='bbox 637 3525 741 3600; x_wconf 88' lang='lat' dir='ltr'><strong>quanti</strong></span> <span class='ocrx_word' id='word_1_323' title='bbox 763 3523 795 3582; x_wconf 89' lang='lat' dir='ltr'><strong>in</strong></span> <span class='ocrx_word' id='word_1_324' title='bbox 818 3543 853 3584; x_wconf 90' lang='lat' dir='ltr'><strong>eo</strong></span> <span class='ocrx_word' id='word_1_325' title='bbox 876 3543 963 3601; x_wconf 88' lang='lat' dir='ltr'><strong>anno,</strong></span> <span class='ocrx_word' id='word_1_326' title='bbox 987 3524 1039 3584; x_wconf 85' lang='lat' dir='ltr'><strong>sed</strong></span> <span class='ocrx_word' id='word_1_327' title='bbox 1060 3524 1170 3600; x_wconf 85' lang='lat' dir='ltr'><strong>quanti</strong></span> 
     </span>
    </p>
   </div>
   <div class='ocr_carea' id='block_1_3' title="bbox 0 0 1261 3896">
    <p class='ocr_par' dir='ltr' id='par_1_5' title="bbox 0 0 1261 3896">
     <span class='ocr_line' id='line_1_40' title="bbox 0 0 1261 3896; baseline 0 0"><span class='ocrx_word' id='word_1_328' title='bbox 0 0 1261 3896; x_wconf 95' lang='lat' dir='ltr'><strong> </strong></span> 
     </span>
    </p>
   </div>
  </div>
 </body>
</html>
