2508 3896
394 191 418 238 2.
442 181 625 238 MASURIUS
645 181 797 238 SABINUS
1034 181 1101 249 553

98 350 227 415 ditatam
247 347 386 414 cedendo
404 346 486 412 nihil
506 346 583 430 agit.
625 367 702 410 suus
721 348 829 410 autern
849 347 881 408 et
900 347 1099 412 necessarius

95 439 184 504 heres
222 460 263 502 an
299 435 421 522 aliquid
456 441 555 520 agant
586 436 620 500 in
651 435 720 499 iure
753 433 892 498 cedendo
927 437 1101 519 quaeritur.

94 528 195 594 nostri
217 529 441 610 praeceptores
462 524 545 589 nihil
568 545 623 588 eos
647 544 743 609 agere
767 522 962 587 existimant.

179 655 313 714 Eandem
339 673 402 714 ram
426 652 517 713 Gaius
545 653 672 729 explicat
701 654 728 727 2,
744 654 887 726 34-37,
914 653 967 711 ubi
990 654 1028 712 ad
1051 673 1102 714 ex·

94 750 221 805 tremum
248 745 322 803 haee
348 744 503 821 leguntur:
532 737 639 801 ‘nostri
661 745 872 819 praeceptores
894 746 1004 818 putant
1025 743 1101 803 nihil

94 854 181 913 agere
194 832 396 893 necessarium
409 831 558 907 heredem,
576 850 644 891 cum
657 831 688 888 in
701 831 767 890 iure
781 830 867 890 cedat
880 828 1099 894 hereditatem'.

93 923 289 1000 Pomponium
320 939 437 997 quoque
468 921 500 979 in
531 920 609 980 libro
636 919 735 978 XXXI
766 919 804 978 ad
832 918 976 978 Sabinum
1004 921 1041 979 de
1069 923 1101 982 in

92 1012 156 1071 inre
175 1012 305 1072 cessione
324 1000 502 1069 hereditatis
520 1009 615 1070 rideri
630 1009 738 1068 dixisse
753 1001 803 1088 (D.
814 1011 865 1085 46,
877 1011 905 1084 3,
917 1011 956 1069 25
976 1008 1008 1069 P.
1022 1003 1102 1091 756)

91 1101 183 1160 Lenel
205 1101 225 1160 l.
240 1119 264 1160 c.
278 1120 306 1175 p.
322 1101 362 1160 87
387 1100 481 1158 notat.

235 1286 280 1342 De
296 1287 482 1342 vindicatione
496 1286 608 1354 petrice
623 1286 766 1354 potestatis
783 1285 825 1340 nel
841 1291 958 1340 nonne?

181 1395 251 1461 ‘Per
273 1402 349 1460 hanc
369 1445 396 1459 ..
416 1399 563 1460 actionem
582 1391 636 1480 (sc.
654 1399 699 1459 rei
721 1395 964 1480 vindicationem)
988 1400 1101 1462 liberae

92 1509 250 1568 personae,
277 1509 352 1566 quae
380 1492 451 1549 sunt
476 1488 551 1548 iuris
578 1489 686 1567 nostri,
712 1491 822 1564 utputa
848 1487 935 1548 liberi
957 1490 1009 1566 qui
1032 1495 1102 1551 sunt

92 1581 124 1639 in
142 1581 299 1655 potestate,
319 1597 379 1638 non
395 1580 549 1654 petuntur,
567 1620 574 1636 .
590 1623 595 1635 .
612 1624 619 1637 .
637 1577 696 1636 nisi
714 1578 801 1654 forte,
823 1577 923 1654 inquit
940 1569 994 1660 (sc.
1013 1579 1101 1639 Pom-

93 1660 228 1750 ponius),
257 1667 373 1726 adiecta
400 1685 490 1726 cansa
512 1666 580 1742 quis
602 1665 745 1742 vindicet3
772 1670 800 1726 et
821 1666 846 1726 si
869 1667 936 1742 quis
959 1667 1003 1727 ita
1024 1670 1103 1745 petit

92 1752 200 1816 ‘filium
218 1749 315 1816 suum'
335 1757 384 1815 vel
402 1749 446 1814 ‘in
463 1757 613 1832 potestate
632 1773 668 1813 ex
686 1754 751 1813 iure
771 1748 962 1834 Qetrtttnnfl,
980 1757 1101 1817 videtur

93 1846 168 1906 mihi
191 1852 222 1904 et
243 1844 424 1921 Pomponius
448 1844 614 1904 consentire
636 1845 718 1902 recte
740 1862 808 1902 eum
828 1844 937 1920 egisse:
961 1845 1005 1904 ait
1023 1847 1101 1906 enim

91 1935 208 1996 adiecta
225 1951 316 1993 causa
334 1953 369 1992 ex
387 1925 464 1992 inre2
482 1931 644 2002 Quiritium
662 1932 813 1992 vindicare
831 1927 940 2008 posse'
975 1934 1011 1994 D.
1028 1938 1055 2012 6,
1073 1940 1102 2014 1,

92 2029 122 2102 1,
139 2026 166 2083 2.
202 2023 272 2098 Ulp.
295 2022 334 2080 ad
357 2023 401 2081 ed.

439 2138 484 2194 De
500 2140 542 2194 rei
558 2139 750 2194 vindicatione.

180 2256 225 2314 De
240 2253 284 2314 rei
297 2251 497 2314 vindicatione
511 2252 650 2312 dixerunt
664 2251 785 2313 Servius
800 2245 863 2336 (Ip.
872 2245 960 2337 192),
974 2254 1101 2316 Alfenus

88 2339 134 2428 (p.
151 2347 223 2405 283.
239 2333 331 2424 307),
359 2341 518 2402 Trebatius
540 2333 583 2420 (p.
598 2336 692 2419 415),
714 2343 814 2402 Labeo
839 2340 924 2422 (Hp.
941 2346 1012 2404 108.
1030 2347 1102 2406 156.

90 2437 157 2495 158
169 2426 234 2514 sq.).
285 2432 322 2490 ad
351 2430 474 2490 eandem
503 2430 650 2490 actionem
677 2432 824 2506 respicere
851 2431 994 2491 videntur
1020 2434 1101 2510 frag-

88 2523 194 2582 menta
203 2519 360 2596 Pomponii
369 2520 401 2578 P.
413 2521 596 2594 739-742,
616 2518 706 2576 Pauli
719 2518 751 2578 P.
764 2520 858 2579 1857.
871 2521 965 2595 1858,
979 2521 1103 2597 Ulpiani

86 2613 123 2672 P.
141 2610 367 2672 ceco—2988.

181 2694 200 2759 ³.
215 2746 244 2759 ..
267 2698 293 2757 is
320 2697 371 2774 qui
398 2715 434 2756 ex
462 2695 558 2756 edicto
585 2696 733 2754 bonorum
759 2695 977 2770 possessionem
1004 2697 1102 2772 petiit,

84 2791 161 2850 ficto
185 2807 216 2848 se
238 2785 347 2846 herede
370 2785 441 2862 agit.
487 2804 554 2844 cum
577 2784 656 2843 enim
677 2783 828 2860 praetorio
850 2783 924 2860 iure,
946 2803 1006 2843 non
1028 2786 1102 2863 legi-

84 2880 166 2940 timo
203 2877 343 2937 succedat
378 2876 410 2932 in
445 2874 545 2933 locum
577 2873 722 2949 defuncti,
759 2891 818 2932 non
850 2873 941 2932 habet
973 2873 1102 2934 directas

84 2969 223 3028 actiones
247 2967 278 3024 et
299 2983 395 3040 neque
417 2963 449 3022 id
472 2963 551 3038 quod
575 2963 708 3022 defuncti
730 2962 803 3038 fuit,
825 2964 927 3037 potest
948 2961 1102 3022 intendere

89 3077 185 3118 suum
212 3072 276 3114 esse
374 3052 478 3128 itaque
504 3051 574 3111 ficto
603 3070 635 3110 se
657 3051 766 3110 herede
788 3051 919 3110 intendit
940 3051 1024 3111 velut
1046 3051 1102 3111 hoc

84 3145 195 3205 modo:
231 3142 320 3202 iudex
356 3144 433 3214 esto,
470 3140 495 3199 ei
526 3140 563 3198 A.
591 3139 720 3218 Agerius
757 3131 802 3220 (id
834 3143 880 3199 est
910 3139 974 3215 ipse
1006 3135 1103 3220 actor)

81 3235 121 3294 L.
139 3234 220 3292 Titio
242 3233 329 3290 heres
353 3232 441 3306 esset,
463 3231 529 3287 tum
547 3221 594 3306 <si
612 3222 701 3306 eum>
720 3228 846 3312 fundum
864 3228 901 3287 de
919 3247 978 3305 quo
993 3229 1103 3308 agitur,

81 3343 123 3384 ex
148 3323 215 3382 iure
239 3319 400 3391 Quiritium
423 3318 486 3377 eius
510 3336 574 3377 esse
597 3310 770 3392 oporteret?
807 3315 871 3379 Gai.
886 3319 915 3394 4,
931 3319 981 3378 34.

164 3495 178 3543 1
199 3491 274 3545 Trit.
293 3491 429 3544 Romano.

164 3566 180 3614 2
201 3562 275 3618 Trit.
295 3561 367 3629 lege.
