2512 3888
162 121 228 186 482
264 122 298 178 Π.
326 121 393 178 ἸῚΒ.
413 118 489 175 Gall
513 119 640 176 GLAUD.
664 119 800 176 Nason.
824 119 931 175 ΤΕΜΡ.
949 119 1046 174 IURIS
1070 119 1175 176 CONS.

253 286 351 348 Consu
369 288 624 348 manumittuntur
642 287 695 364 qui
712 287 833 348 lustrali
850 306 941 348 censu
957 287 1070 348 Romae
1089 288 1174 348 iussu

164 377 352 438 dominorum
370 377 448 436 inter
469 377 547 438 cives
567 378 716 436 Romanos
735 393 855 436 censum
877 375 1065 452 profitentur.
1103 376 1174 453 Ulp.

163 467 200 527 fr.
217 468 245 542 1,
261 468 288 525 8.
327 459 447 542 ‘magua
467 469 569 524 autern
588 465 732 524 dissensio
757 469 803 524 est
825 466 903 524 inter
924 466 1048 544 peritos,
1071 468 1176 525 utrum

164 574 199 615 ao
218 558 353 630 tempore
370 554 449 616 vires
473 554 620 629 accipiant
639 554 746 626 omnia,
769 572 844 630 qnae
867 554 899 612 in
921 572 1012 613 censu
1031 558 1176 631 aguntur,

163 663 203 703 an
217 663 251 703 eo
265 645 400 720 tempore
415 662 474 720 quo
485 643 614 702 lustrum
629 643 774 703 conditur.
812 644 883 702 sunt
902 643 981 702 enim
999 643 1053 719 qui
1072 643 1173 703 existi-

163 737 248 793 mant
266 752 327 793 uon
345 733 420 793 alias
439 732 518 793 vires
540 731 673 809 occipere
692 749 768 809 quae
787 731 820 790 in
842 749 932 791 censu
951 735 1093 808 aguntur,
1115 731 1175 792 nisi

163 823 239 882 haec
258 823 321 882 dies
340 826 492 900 sequatur,
516 839 575 897 qua
589 820 717 880 lustrum
733 819 878 882 conditur.
906 819 1080 880 existimant
1094 820 1173 880 enim

164 929 285 972 censum
308 909 483 970 descendero
506 909 545 968 ad
568 909 645 969 diem
668 909 766 986 lustri,
789 928 849 969 nou
870 909 1001 968 lustrum
1018 927 1174 969 recurrere

163 1001 202 1060 ad
215 999 295 1059 diem
313 1017 427 1058 census.
464 999 542 1076 quod
560 998 627 1057 ideo
647 999 816 1074 quaesitum
834 1001 891 1074 est,
913 999 1053 1073 quoniam
1074 997 1174 1058 omnia

164 1106 240 1165 quae
263 1089 408 1148 incensu
431 1091 563 1165 aguntur
585 1087 681 1146 lustro
705 1080 939 1146 confirmantur?
982 1086 1172 1148 Dosith.17.

254 1175 286 1235 Si
309 1175 424 1252 aliquid
447 1194 558 1250 eorum,
582 1194 657 1253 quae
682 1175 819 1253 diximus,
843 1175 947 1252 deerit,
971 1175 1051 1234 servi
1069 1194 1174 1236 mauu·

164 1264 250 1325 missi
260 1264 361 1323 Latini
375 1266 471 1326 erunt.
494 1265 547 1340 qui
560 1257 709 1335 ‘homines
723 1263 825 1323 Latini
836 1262 958 1324 Iuniani
972 1264 1173 1340 appellantur,

164 1353 268 1414 Latini
281 1353 356 1427 ideo,
376 1353 447 1428 quia
461 1352 633 1412 adsimulati
647 1354 717 1412 sunt
732 1351 847 1412 Latinis
861 1352 1039 1431 coloniariiS,
1054 1353 1174 1412 Iuniani

164 1443 241 1520 ideo,
269 1441 341 1518 quia
368 1461 421 1518 per
443 1442 540 1518 legem
562 1440 681 1501 Iuniam
703 1441 873 1501 libertatem
895 1445 1082 1518 acceperunt,
1106 1461 1173 1501 cum

165 1531 237 1591 olim
261 1531 340 1591 servi
362 1529 535 1591 viderentur
557 1549 632 1590 esse.
671 1550 731 1590 uon
753 1533 855 1589 tamen
875 1531 936 1590 illis
954 1530 1107 1606 permittit
1124 1531 1172 1590 lex

164 1620 254 1679 Iunia
279 1619 329 1679 vel
359 1619 432 1695 ipsis
460 1622 673 1680 tastamentum
700 1620 811 1697 facere,
843 1621 891 1678 vel
923 1638 958 1678 ex
989 1620 1173 1678 testamento

165 1709 262 1768 alieno
277 1727 390 1784 capere,
402 1708 448 1768 vel
462 1710 578 1768 tutores
592 1710 774 1768 testamento
788 1701 874 1767 dari'.
889 1706 954 1767 Gai.
964 1710 991 1781 1,
1002 1709 1113 1768 1122.
1124 1709 1174 1767 23.

166 1792 358 1859 ‘Latinivaro
367 1797 472 1857 multis
482 1797 577 1857 modis
591 1797 628 1856 ad
643 1797 796 1859 civitatem
805 1796 971 1856 Romanam
984 1797 1175 1871 perveniunt.

167 1886 270 1945 statim
288 1886 367 1945 enim
386 1905 422 1944 er
439 1887 506 1962 lege
520 1884 606 1944 Aelia
621 1885 724 1945 Sentio
743 1886 871 1945 minores
887 1885 1012 1963 triginta
1026 1903 1175 1945 annorum

166 1974 341 2032 manumissi
373 1978 405 2032 et
430 1973 531 2032 Latini
561 1973 635 2032 facti
662 1975 688 2032 si
714 1993 822 2033 uxores
850 1974 988 2034 duxerint
1013 1975 1064 2034 vel
1094 1974 1174 2034 cives

165 2063 315 2120 Romanas
341 2061 390 2121 vel
412 2061 535 2120 Latinas
562 2061 739 2121 coloniarias
763 2063 812 2123 vel
835 2063 968 2122 eiusdem
990 2062 1175 2124 condicionis

166 2150 251 2209 ouius
279 2151 310 2208 et
337 2149 395 2224 ipsi
423 2152 534 2227 essent,
562 2149 651 2226 idque
678 2152 784 2210 testati
810 2151 924 2210 fuerint
946 2151 1090 2211 adhibitis
1112 2171 1173 2212 non

166 2237 266 2297 minus
293 2256 382 2313 quam
409 2239 524 2312 septem
546 2237 673 2298 testibus
697 2240 813 2300 civibus
835 2240 977 2300 Romanis
999 2239 1174 2316 puberibus,

167 2329 198 2386 et
211 2325 306 2385 filium
320 2325 549 2403 procreaverint,
568 2345 636 2386 cum
649 2328 676 2386 is
689 2327 769 2387 filius
785 2329 941 2388 anniculus
955 2347 1019 2388 esse
1034 2330 1175 2406 coeperit,

167 2415 256 2475 datur
279 2415 322 2474 eis
345 2417 479 2491 potestas
501 2435 554 2492 per
578 2434 644 2475 eam
666 2417 763 2493 legem
787 2419 869 2477 adire
891 2419 1060 2494 praetorem
1144 2420 1176 2476 et

169 2504 334 2581 adprobare
358 2523 389 2564 se
413 2505 537 2584 exlege
560 2505 648 2564 Aelia
671 2504 773 2566 Sentis
794 2525 918 2566 uxorem
940 2505 1061 2566 duxisse
1085 2508 1116 2565 et
1141 2525 1175 2564 ex

168 2612 204 2654 ea
230 2593 326 2653 filium
353 2594 524 2653 anniculum
551 2595 673 2672 habere,
701 2597 731 2654 et
759 2595 785 2654 si
811 2595 837 2653 is
865 2594 945 2672 apud
972 2613 1060 2672 quern
1086 2612 1176 2656 causa

168 2682 294 2759 probata
328 2686 386 2756 est,
422 2683 454 2741 id
485 2684 529 2743 ita
561 2701 625 2744 esse
655 2683 907 2762 pronuntiaverit,
944 2686 1016 2742 tunc
1048 2686 1080 2742 at
1111 2683 1176 2759 ipse

167 2771 294 2831 Latinus
317 2774 349 2831 et
369 2791 445 2832 uxor
468 2772 541 2844 eius,
564 2772 589 2830 si
613 2776 643 2831 et
665 2774 731 2847 ipsa
754 2767 908 2850 <eiusdem
926 2771 1108 2832 condicionis
1127 2772 1177 2848 sit,

169 2863 200 2920 et
222 2859 311 2938 filius,
334 2859 360 2919 si
378 2865 409 2919 et
426 2855 512 2937 ipse>
530 2861 663 2919 eiusdem
681 2860 860 2921 condicionis
879 2860 926 2938 sit,
950 2861 1029 2921 cives
1049 2860 1177 2920 Romani

169 2967 234 3008 esse
252 2947 395 3008 iubentur
473 2941 652 3026 <praeterea
674 2968 710 3009 ex
731 2950 798 3028 lege
816 2947 943 3010 Visellia
964 2952 1027 3009 tam
1047 2949 1176 3010 maiores

169 3055 259 3115 quam
282 3037 410 3097 minores
434 3035 560 3114 triginta
578 3055 723 3096 annorum
740 3037 915 3098 manumissi
933 3040 964 3098 et
982 3037 1084 3096 Latini
1102 3037 1178 3098 facti

169 3125 216 3184 ius
244 3123 406 3194 Quiritium
434 3121 673 3204 adipiscuntur),
700 3127 732 3186 id
759 3130 805 3186 est
831 3127 907 3186 fiunt
934 3127 1014 3188 cives
1038 3126 1180 3208 Romani,

169 3214 195 3272 si
222 3213 333 3272 Romae
364 3212 443 3273 inter
471 3213 579 3291 vigiles
611 3233 662 3275 sex
688 3216 773 3276 annis
800 3215 999 3277 militaverint
1104 3217 1178 3275 item

170 3301 268 3361 edicto
287 3299 405 3360 Claudii
424 3302 525 3361 Latini
547 3303 594 3362 ius
614 3303 775 3374 Quiritium
798 3307 1001 3378 consecuntur,
1025 3304 1051 3363 si
1069 3323 1177 3364 navem

171 3389 316 3448 marinam
336 3390 565 3464 aedificaverint,
584 3411 660 3467 quae
678 3412 738 3452 non
756 3393 854 3452 minus
874 3413 964 3472 quam
978 3394 1080 3453 decem
1094 3393 1183 3453 milis

171 3475 338 3535 modiorum
363 3477 504 3539 frumenti
527 3480 638 3559 capiat,
666 3499 759 3560 eaque
780 3482 866 3543 navis
888 3482 938 3545 vel
961 3501 1037 3560 quae
1059 3482 1183 3544 ineius
