2508 3896
159 177 225 242 522
266 176 301 230 ΙΙ.
326 175 393 230 ΤΙΒ.
413 174 489 230 GAII
513 173 639 230 CLAUD.
662 173 923 230 cuncutitur.
942 172 1040 228 lURIS
1063 173 1164 230 OONS.

160 339 287 425 quidem
310 339 444 402 verbum
463 337 608 421 adicitur,
632 337 687 402 sed
706 335 827 403 Sabino
847 337 1014 420 ..placuit
1032 337 1162 421 perinde

158 426 341 493 habendam
354 427 620 508 aestimationem,
634 447 673 492 ac
687 427 714 491 si
728 427 827 491 etiam
837 425 899 490 hac
908 430 1000 510 parte
1012 423 1165 508 ‘plurimi'

158 516 292 581 verbum
312 515 473 581 adiectum
491 515 620 600 fuisset,
638 538 714 580 nam
733 515 861 600 plebem
875 513 1066 598 Romanam,
1085 536 1164 598 quae

158 604 288 688 Aquilio
314 605 444 669 tribuno
467 605 605 689 rogante
625 604 709 669 hanc
732 604 838 688 legem
862 602 951 686 tulit,
979 607 1164 668 contentam

157 693 270 776 fuisse,
293 694 377 778 quod
402 693 506 775 prima
527 698 619 777 parte
642 714 680 757 eo
703 693 801 758 verbo
824 713 884 756 usa
907 697 965 758 est.

248 781 320 847 132.
343 780 383 846 D.
392 781 423 864 9,
431 782 462 861 2,
471 782 523 865 27,
533 782 586 846 21.
627 780 786 865 Ulpianus
804 781 887 845 libro
907 780 1164 846 octavodecimo

158 872 199 935 ad
221 871 356 936 edictum
377 866 426 956 (P.
437 867 526 956 624).
541 907 582 918 —
598 867 633 934 si
651 870 723 953 quis
741 869 780 934 de
800 890 898 933 manu
916 869 998 933 mihi
1015 891 1165 936 nummos

157 960 347 1041 excusserit,
373 958 512 1023 Sabinus
540 958 704 1023 existimat
731 958 841 1023 damni
865 957 1001 1022 iniuriae
1025 980 1097 1023 esse
1118 981 1166 1024 ac·

156 1049 293 1132 tionem,
322 1048 350 1112 si
378 1048 425 1111 ita
452 1047 620 1132 perierint,
648 1068 687 1111 ne
716 1047 755 1112 ad
784 1046 924 1131 aliquem
949 1048 1164 1130 pervenirent,

156 1141 236 1222 puta
263 1139 291 1201 si
317 1136 352 1201 in
380 1137 500 1200 flumen
526 1135 577 1199 vel
604 1137 640 1200 in
667 1157 755 1200 mare
782 1135 834 1200 vel
860 1136 895 1199 in
921 1135 1064 1200 cloacam
1088 1138 1164 1201 ceci-

159 1227 289 1311 derunt;
316 1224 400 1309 quod
424 1227 451 1288 si
473 1224 514 1289 ad
537 1225 678 1309 aliquem
701 1227 922 1308 pervenerim,
946 1245 1006 1309 ope
1030 1225 1165 1289 consilio

155 1314 280 1380 furtum
312 1312 436 1379 iactum
470 1314 642 1398 agendum,
679 1313 765 1398 quod
797 1318 831 1377 et
862 1310 1002 1398 antiquis
1034 1314 1166 1397 placuit.

157 1403 241 1468 idem
265 1403 365 1468 etiam
388 1403 423 1466 in
445 1400 567 1467 factum
591 1401 661 1466 dari
683 1424 780 1486 posse
804 1401 962 1466 actionem
986 1400 1044 1466 ait.

245 1515 282 1574 D.
298 1517 325 1587 9,
343 1517 370 1586 2,
386 1515 426 1573 43
454 1532 471 1573 a
494 1513 657 1588 Pomponio
680 1513 757 1572 libro
780 1531 857 1573 nono
881 1510 994 1572 decim0
1017 1513 1056 1570 ad
1082 1512 1166 1572 Sabi-

157 1620 228 1672 num
260 1599 307 1682 (P.
333 1599 410 1680 744)
447 1602 548 1661 Sabini
584 1603 676 1662 verba
711 1602 819 1660 referri
855 1600 976 1660 Pernice
1008 1600 1076 1678 Ip.
1102 1603 1164 1661 363

155 1692 276 1752 iudicat.
326 1693 399 1752 haec
431 1691 509 1750 enim
540 1692 696 1766 leguntur:
728 1683 786 1750 ‘Ob
814 1688 845 1748 id
872 1689 952 1766 quod
979 1693 1048 1749 ante
1077 1710 1167 1766 quam

156 1780 353 1840 hereditatem
375 1781 473 1838 adires
496 1779 635 1839 damnum
659 1777 822 1838 admissum
845 1778 877 1838 in
898 1797 946 1837 res
967 1777 1166 1838 hereditarias

156 1873 213 1946 est,
236 1871 311 1948 legis
331 1868 469 1946 Aquiliae
492 1869 640 1928 actionem
658 1868 759 1944 habes,
783 1859 932 1941 qoomcts¹
950 1871 1019 1944 post
1037 1872 1167 1928 mortem

157 1958 233 2034 cius,
256 1960 304 2017 cui
326 1959 412 2016 heres
437 1957 490 2034 sis,
514 1957 666 2016 acciderit:
696 1956 848 2016 dominum
871 1956 949 2015 enim
972 1956 1020 2015 lex
1042 1956 1168 2035 Aquilia

155 2048 289 2122 appellat
314 2065 374 2105 non
400 2047 504 2120 utique
532 2064 600 2104 eum
626 2045 678 2120 qui
704 2047 776 2104 tunc
798 2045 903 2119 fucrit,
932 2063 1000 2104 oum
1023 2046 1168 2104 danmum

155 2134 276 2193 daretur
304 2128 374 2193 ...'
405 2133 488 2192 addit
514 2136 616 2192 autem
642 2133 689 2192 vir
712 2133 912 2194 doctissimus:
941 2127 994 2192 ‘lds
1019 2135 1089 2193 sind
1110 2134 1166 2193 Er·

155 2231 323 2300 wagungen
354 2221 407 2280 der
434 2221 602 2299 Billigkeit,
635 2220 681 2280 die
710 2221 801 2281 Sabin
908 2222 970 2281 sich
1002 2222 1087 2282 nicht
1119 2223 1168 2283 dic

154 2310 243 2369 Mflhe
266 2311 356 2388 giebt,
379 2310 471 2370 durch
494 2309 600 2386 irgsnd
623 2310 734 2370 welche
749 2311 923 2386 juristische
942 2311 1167 2371 Konstrulrticn

154 2419 191 2458 zu
218 2401 435 2476 untcrstfltzem
462 2399 504 2458 im
529 2399 714 2478 Gegenteilc,
743 2418 776 2459 er
802 2399 894 2458 findet
921 2399 984 2460 sich
1011 2401 1068 2460 mit
1097 2401 1168 2460 dem

154 2487 309 2548 Wortlaut
344 2487 396 2548 des
432 2487 617 2565 aquilischen
649 2487 788 2548 Gesctzcs
824 2488 938 2566 durftig
971 2507 1074 2566 genug
1106 2485 1169 2549 ab’.

154 2577 207 2637 sad
233 2597 306 2638 num
334 2577 437 2637 Sabim
464 2578 556 2639 verba
580 2577 761 2655 Pomponius
790 2578 914 2652 referat,
942 2577 1036 2637 nihilo
1065 2579 1168 2638 minus

155 2666 279 2725 dubium
302 2670 354 2726 est.

503 2835 550 2894 De
572 2837 678 2894 damac
700 2836 812 2908 infecto.

241 2951 285 3009 De
313 2951 420 3009 damno
447 2950 557 3009 infecto
584 2949 721 3008 dixerunt
745 2947 847 3008 Labeo
870 2943 914 3027 (II
935 2969 963 3024 p.
982 2941 1170 3030 117.141);

153 3038 286 3098 inlibris
306 3038 344 3097 ad
363 3039 430 3098 Sab.
450 3037 569 3114 scriptis
587 3038 688 3114 Pomp.
698 3038 717 3098 l.
728 3037 782 3096 XX
801 3040 832 3097 et
844 3035 915 3096 XXI
932 3036 966 3096 P.
978 3038 1169 3114 cuc-683,

152 3128 205 3186 sed
232 3127 288 3199 ita,
316 3132 352 3186 ut
379 3129 415 3186 de
442 3128 477 3186 fr.
498 3128 671 3187 cta—679
701 3126 834 3186 dubitari
861 3126 971 3202 possit,
999 3124 1086 3186 Paul
1100 3127 1122 3186 l.
1139 3127 1170 3185 X

152 3215 184 3274 P.
201 3217 432 3292 1810-1813,
456 3215 523 3290 Ulp.
538 3215 558 3275 l.
571 3215 656 3275 XLII
679 3215 713 3275 P.
729 3216 955 3276 eccs-2894.

242 3298 382 3362 ‘uantum
405 3323 441 3363 ex
460 3303 575 3363 duabus
595 3305 692 3363 causis
710 3304 887 3380 permissum
906 3306 953 3362 est
969 3303 1037 3378 lege
1056 3321 1167 3381 agere:

152 3387 252 3448 damni
274 3392 377 3451 infecti
400 3397 431 3451 et
454 3392 479 3450 si
502 3393 714 3453 centumvirale
732 3392 876 3450 iudicium
894 3392 1030 3450 futurum
1049 3395 1097 3451 cst

225 3544 239 3590 1
258 3540 305 3595 Fl.
325 3541 406 3608 qnod.
