2568 3890
47 3594 76 3640 k

175 88 255 206 196¹
275 140 294 194 1.
314 137 470 193 asuerus
488 135 646 192 nueusm
663 136 710 191 nu
729 135 865 192 rinnau
882 97 982 192 ruers'
999 135 1184 192 oonsunm

171 303 328 387 spondime
354 300 472 386 scribit,
497 302 573 383 quia
599 302 744 366 domiuus
765 320 849 366 seruo
871 299 953 364 nibil
975 300 1077 366 debere
1092 306 1186 382 potae-

171 394 250 458 u'sset.
306 411 357 474 eya
383 394 460 474 puto
498 391 662 455 seeundum
698 395 826 455 mentem
859 390 1010 454 metatoris
1041 391 1187 456 uabuuate

172 500 280 632 ma9287
286 479 499 648 Qmiffltlg
515 479 1076 652 bdebz-tw'yihsgberbtbbzdbiboejsbuorum
1100 568 1187 634 arbi·

173 660 261 722 trutu
289 661 532 722 monumentum
561 657 623 721 sibi
649 657 720 721 fieri
748 656 846 721 vellet
868 659 1063 735 tetamento
1087 656 1188 722 serib-

173 750 273 830 serat,
302 744 414 810 deinde
436 745 484 810 ita
506 747 672 831 legaverat
695 744 804 810 ‘Lucio
825 744 937 809 Publio
961 742 1118 810 Corneliis
1143 746 1185 811 ad

173 837 416 900 monumentum
450 857 556 899 meum
589 834 819 899 aedificandum
850 833 939 899 mille
970 833 1062 899 berea
1095 856 1187 900 meus

173 923 270 989 dato'.
321 923 494 989 Trebatius
525 922 693 1007 respondit
723 944 781 1006 pro
813 945 850 987 eo
879 922 1063 988 habendum
1092 945 1130 989 ao
1158 923 1188 989 si

172 1014 219 1078 ita
246 1014 389 1098 legatum
419 1016 516 1096 esset,
550 1013 577 1076 si
605 1011 850 1077 sutisdedissent
878 1033 912 1075 se
939 1013 986 1076 ita
1013 1011 1045 1076 id
1072 1033 1187 1078 monu-

173 1106 317 1167 mentum
341 1123 380 1166 ex
404 1123 441 1166 ea
463 1101 600 1184 pecunia
622 1101 775 1165 facturos.
815 1099 925 1166 Labeo
947 1099 1093 1165 Trebatii
1116 1123 1187 1167 sen·

173 1191 307 1256 tentiam
334 1190 466 1275 probat,
494 1189 570 1274 quia
597 1189 676 1255 haee
704 1211 795 1254 mens
820 1190 972 1254 testantis
994 1188 1123 1276 fuisset,
1151 1195 1188 1255 ut

93 1347 96 1356 Α
173 1301 210 1344 ea
232 1281 367 1365 pecunia
391 1279 426 1343 in
449 1281 693 1346 monumentum
718 1283 964 1344 consumeretur.

535 1480 582 1539 De
604 1498 703 1539 uuuuo
726 1481 824 1554 tenuta

264 1599 329 1663 72¹.
354 1597 391 1663 D.
412 1599 467 1679 32,
482 1598 538 1680 30,
553 1597 582 1663 5.
633 1597 741 1662 Labeo
771 1598 853 1662 libro
883 1598 1022 1662 seeundo
1049 1603 1188 1682 posteri-

175 1709 266 1750 orum
291 1709 310 1751 a
332 1687 485 1752 Iauoleno
510 1690 768 1771 epitomatorum.
794 1723 832 1732 -
858 1685 973 1753 ‘Uxori
994 1707 1086 1770 meae,
1111 1690 1189 1754 dum

173 1797 242 1840 eum
268 1777 334 1858 nitio
361 1797 426 1840 meo
450 1776 575 1858 Capuae
606 1777 676 1859 uuit,
703 1775 788 1840 berea
814 1796 898 1840 meus
925 1773 1058 1841 daueua¹
1085 1777 1188 1842 doto':

173 1865 259 1948 fitius
286 1885 307 1928 a
334 1870 433 1929 matre
464 1867 617 1949 uibrauit.
666 1865 695 1929 si
722 1865 810 1930 ambo
839 1863 964 1946 Capuae
989 1865 1188 1952 habitassent,

175 1955 307 2034 teyntuna
330 1955 426 2018 matri
448 1955 549 2018 debita
571 1956 614 2016 iri
630 1954 751 2036 putaui,
774 1956 915 2036 quamuis
935 1974 1000 2018 uua
1017 1975 1081 2018 uou
1098 1954 1187 2020 babi-

174 2047 302 2106 tassent:
324 2043 376 2106 siu
398 2048 501 2106 auteur
519 2044 554 2106 iu
572 2042 663 2106 atiud
679 2044 883 2125 munientem
902 2043 1069 2126 mansisset,
1092 2045 1190 2110 emtus

174 2131 254 2193 anui
272 2132 483 2194 tautummodo
501 2131 602 2195 debitu
620 2131 672 2208 iri,
695 2151 753 2212 quo
771 2153 837 2196 uua
854 2131 1042 2197 habitassent
1058 2138 1189 2214 quanto·

176 2217 245 2283 tibet
272 2222 418 2300 tempore:
445 2217 547 2300 <quod
572 2218 622 2301 et>
653 2219 815 2284 Trebatius
842 2223 895 2285 ait.
945 2222 1114 2306 uideamus,
1144 2243 1190 2288 aa

174 2307 224 2370 bis
250 2306 348 2372 uubis
376 2305 461 2371 ‘otum
488 2328 557 2372 auu
583 2308 649 2389 fitia
681 2305 805 2390 Capuae
830 2309 901 2374 erit'
929 2309 1028 2393 [nou]
1051 2311 1188 2376 condicio

174 2396 371 2480 siyuifieetur,
389 2398 459 2476 [sut
475 2417 512 2461 eu
527 2397 680 2479 subitura
687 2417 749 2478 pro
762 2418 947 2480 mperuaouo
960 2399 1041 2464 debet
1053 2399 1190 2485 baberi]

176 2486 257 2567 quod
277 2505 340 2550 nou
358 2485 463 2567 probo.
498 2487 549 2551 siu
571 2491 673 2551 autem
692 2506 748 2568 per
771 2487 930 2552 mutierem
950 2507 1038 2552 mora
1055 2509 1119 2553 uon
1135 2495 1190 2574 est,

176 2595 235 2656 quo
257 2575 361 2640 miuus
384 2595 453 2639 eum
474 2576 540 2656 filio
563 2575 688 2659 bombi,
711 2575 810 2658 leuata
832 2577 861 2640 ei
883 2577 990 2642 deberi.

263 2703 346 2773 Quae
374 2703 460 2763 unsis
487 2704 595 2763 inclusi
622 2705 715 2765 verba
742 2703 778 2764 A.
807 2705 931 2766 Pernioe
961 2706 1094 2765 eieienda
1121 2723 1188 2767 esse

174 2793 251 2853 bona
273 2792 389 2853 ratione
414 2797 523 2852 censet.

266 2908 331 2976 72¹³.
358 2909 398 2974 D.
422 2910 478 2995 35,
499 2909 531 2994 l,
551 2912 581 2976 8.
640 2911 837 2997 Pomponius
874 2913 959 2978 libro
997 2913 1108 2998 quinto
1147 2915 1190 2980 ad

177 2997 341 3065 Sabinum.
362 3035 399 3046 -
422 2997 454 3064 si
480 2999 551 3082 quis
575 3001 622 3064 ita
640 3000 797 3086 legaverit
816 3001 904 3068 ‘dum
922 3024 1004 3067 uxor
1022 3024 1096 3068 mea
1114 3024 1189 3070 oum

174 3088 242 3153 filio
267 3088 340 3169 erit,
368 3087 460 3153 heres
484 3111 574 3153 meus
599 3089 628 3154 ei
651 3093 778 3155 tantum
803 3090 900 3173 dato',
929 3091 971 3176 [si
994 3113 1032 3155 ea
1054 3092 1189 3158 latitans

176 3181 350 3260 patronum
374 3177 412 3241 de
436 3177 541 3243 medio
561 3178 716 3263 discessit,
739 3183 775 3243 ut
793 3187 902 3244 tamen
921 3181 1092 3246 eonsilium
1111 3184 1190 3247 reti·

176 3270 268 3330 neret
285 3265 426 3331 habendi
445 3289 553 3331 seeum
573 3267 714 3353 liberos,]
735 3268 844 3333 deberi
863 3269 892 3332 ei
906 3268 1051 3353 legatum
1067 3269 1190 3336 Treba-

176 3353 241 3418 tius
267 3361 299 3418 et
321 3355 430 3421 Labeo
454 3357 556 3434 aiunt,
581 3353 757 3440 [quianon
781 3379 875 3420 omne
900 3365 1098 3422 momentum
1123 3363 1190 3424 exi·

249 3513 263 3559 1
287 3509 312 3562 T
309 3511 362 3567 rib.
382 3511 510 3567 ducenta.
