2550 3888
333 132 335 135 ’
398 141 421 189 7.
444 135 482 190 Μ.
497 133 689 189 ANTISTIUS
707 134 826 190 LABEO
1072 135 1115 198 27

104 305 165 364 lare
184 295 235 383 (D.
256 304 285 378 3,
306 306 334 380 1,
356 306 383 381 1,
400 295 444 380 5),
468 306 499 361 et
520 302 700 379 Licinniam,
723 301 850 362 Gracchi
871 321 1006 378 uxorem,
1030 304 1117 364 cuius

104 411 150 452 res
173 391 291 451 dotales
314 392 346 449 in
369 390 512 450 seditione
534 391 682 467 perissent
707 384 758 471 (D.
778 393 829 469 24,
848 394 878 470 3,
898 395 938 452 66
953 384 1040 474 pr.)¹.

191 480 340 553 Servium,
368 479 453 538 cuius
475 498 620 556 responsa
641 499 677 539 ex
700 478 732 541 0.
754 480 845 558 Ateii,
870 480 982 540 Aufidii
1003 481 1117 542 Namu-

104 589 161 648 sae,
174 568 280 628 Alfeni
292 568 367 628 Vari
380 568 466 627 libris
481 569 665 670 deprompsit
679 561 790 649 (1269.
800 573 932 647 27‘lsqq.
946 567 1115 649 292299),

104 659 135 717 ιιι
152 658 260 717 multis
279 657 400 717 secutus
419 659 472 716 est.
513 658 586 716 hacc
606 658 685 716 enim
709 658 854 736 leguntur
872 652 976 735 negat
993 659 1116 720 Servius

103 749 190 808 ..et
217 765 275 823 ego
303 765 371 806 cum
392 745 496 806 Servio
522 735 631 806 sentio'
653 746 689 805 D.
709 748 766 824 33,
787 749 820 819 9,
841 750 935 822 79pr
973 741 1116 808 Servius

102 836 264 915 scribit,
283 854 375 913 quam
392 835 570 894 sententiam
590 837 622 894 et
640 834 741 896 Labeo
759 829 879 912 probat'
899 835 935 895 D
945 837 997 912 40
1008 840 1037 915 7,
1048 840 1076 911 3,
1086 840 1115 896 2.

103 918 237 984 Servius
260 969 307 1003 ..,
313 922 436 983 Labeo
462 925 519 983 hoc
545 918 665 1000 probat'
642 924 729 984 tD.
754 926 809 1002 32,
830 927 885 1002 29,
906 928 935 984 1.
981 882 1116 984 Sobrius

102 1013 257 1090 respondit
270 1059 278 1072 .
293 1060 300 1072 .
316 1057 323 1072 .
337 1012 416 1072 idem
434 1016 481 1071 eet
499 1015 530 1071 et
548 1013 629 1089 apud
646 1013 817 1072 Labeonem
836 1005 993 1089 scriptum'
1011 1013 1047 1073 D.
1063 1017 1116 1091 35,

105 1106 134 1177 1,
160 1105 242 1180 6,1.
295 1096 411 1161 ‘Servio
443 1101 575 1161 Labeoni
603 1147 636 1162 ..
663 1095 791 1178 placuit'
823 1102 859 1161 D.
881 1105 936 1179 19,
957 1104 990 1176 2,
1012 1104 1066 1171 19,
1087 1105 1116 1161 1.
1183 1136 1187 1142 ·

102 1185 194 1269 ‘quod
218 1190 322 1251 Servio
346 1192 377 1249 et
397 1189 530 1250 Labeoni
551 1184 727 1266 placuisset'
748 1191 782 1250 D.
799 1193 851 1267 41,
868 1194 895 1263 1,
911 1193 1005 1266 26pr.
1034 1185 1115 1249 ‘Ser-

102 1281 170 1341 vius
199 1283 231 1338 at
251 1279 352 1338 Labeo
375 1271 520 1338 scribunt'
545 1278 580 1337 D.
598 1281 651 1353 43,
671 1282 723 1357 21,
742 1281 772 1357 3,
792 1283 820 1340 1.
857 1273 915 1340 ‘ait
937 1279 1060 1339 Servius
1084 1284 1116 1339 et

101 1362 216 1428 Labao'
233 1367 268 1427 D.
284 1370 335 1445 30,
351 1369 402 1443 30,
417 1370 446 1428 2.
485 1386 697 1445 nonnunquam
716 1368 812 1427 Servii
835 1368 1012 1427 sententiam
1038 1387 1116 1428 nora

101 1457 220 1516 ratione
243 1456 370 1516 adiuvit:
393 1449 527 1516 ‘Servius
545 1501 553 1515 .
569 1503 597 1518 ..
616 1461 775 1532 putat...
794 1456 895 1517 Labeo
915 1459 945 1516 et
965 1457 1114 1517 rationem

78 1544 211 1620 adicit,
243 1564 314 1622 quo,
342 1545 369 1605 si
404 1545 460 1604 hoc
495 1564 555 1605 non
592 1545 786 1624 admittatur,
816 1546 954 1622 iniquum
986 1547 1045 1605 erit
1068 1593 1074 1606 .
1095 1540 1115 1606 .'

101 1635 138 1696 D.
158 1636 214 1710 39,
234 1637 266 1713 2,
287 1636 343 1712 24,
362 1636 395 1714 4.,
432 1633 484 1693 sed
511 1637 542 1694 st
569 1634 630 1694 alia
655 1634 862 1694 inveniuntur:
891 1628 1041 1694 ‘Servium
1067 1654 1114 1694 re·

10 1737 14 1748 '
101 1723 256 1800 spondisso
274 1723 396 1799 scripsit
410 1768 417 1782 .
432 1769 439 1782 .
454 1769 462 1782 .
475 1723 575 1783 Labeo
593 1725 659 1782 tum
677 1722 734 1782 hoc
746 1742 852 1783 verum
871 1741 935 1782 essa
954 1724 1115 1800 existimat,

100 1813 162 1873 si..
173 1807 194 1870 .'
207 1812 245 1871 D.
254 1814 307 1884 20,
320 1815 348 1888 1,
359 1813 409 1872 25.
433 1806 514 1889 ‘tria
526 1815 563 1870 ut
577 1810 639 1872 Ser.
651 1811 812 1888 Sulpicius,
827 1857 834 1870 .
847 1857 854 1873 .
869 1811 938 1884 duo,
951 1814 988 1870 ιιι
1002 1806 1114 1872 Labeo'

101 1899 165 1962 Gai.
187 1904 218 1974 1,
242 1903 314 1960 188.
355 1893 490 1960 ‘Servius
517 1899 667 1976 Sulpicius
766 1906 897 1978 quatuor
915 1946 922 1961 .
937 1947 945 1961 .
961 1947 986 1976 .,
1013 1900 1113 1960 Labeo
1176 1911 1179 1920 ·

100 1983 171 2050 duo'
208 1987 274 2051 Gai.
298 1991 332 2067 3,
357 1991 429 2049 183.
479 1983 618 2050 ‘Servius
653 1989 797 2049 rethiberi
832 2007 918 2066 posse
950 1990 1114 2069 respondit,

99 2078 201 2138 Labeo
228 2079 261 2137 in
289 2096 379 2138 causa
405 2096 470 2138 esse
500 2077 670 2138 rethibendi
696 2073 835 2157 negavit’
864 2077 1113 2156 0611.4,2,12.

9 2173 10 2216 3
99 2163 121 2228 ³.
134 2212 164 2228 ..
191 2167 270 2227 nihil
298 2184 382 2226 servo
409 2168 544 2244 legatum
571 2185 635 2227 esse
663 2167 797 2246 Namusa
824 2167 960 2229 Servium
990 2186 1113 2244 respon-

9 2259 10 2270 *
100 2255 180 2316 disse
208 2255 326 2332 scribit,
353 2256 425 2333 quia
449 2255 587 2314 dominus
610 2273 696 2316 servo
719 2257 795 2316 nihil
818 2257 927 2316 debere
949 2275 988 2333 pc
991 2257 1113 2334 inisset,

100 2364 159 2423 ego
174 2301 331 2446 (Labeoss
358 2347 432 2419 puto
454 2344 620 2403 secundum
643 2347 774 2404 mentem
796 2345 951 2405 testatoris
974 2302 1113 2404 naturale}

9 2439 11 2516 Q
99 2433 198 2512 magis
211 2452 301 2510 quarn
315 2433 401 2492 civile
416 2432 550 2492 debitum
565 2433 759 2510 spectandum
773 2452 838 2494 csse
839 2427 900 2495 '.D
913 2435 963 2556 35,
976 2436 1005 2512 1,
1020 2436 1072 2512 40,
1083 2436 1113 2494 3.

9 2737 12 2868 ι
100 2878 199 2937 datur.
249 2877 450 2952 comparanda
480 2879 564 2952 sunt,
596 2894 672 2952 quae
699 2875 781 2953 apud
806 2873 950 2934 Alfenum
977 2877 1008 2934 et
1035 2875 1115 2951 apud

9 3001 11 3030 ι
99 2966 273 3026 Labeonem
299 2966 442 3026 dicuntur
469 2965 505 3024 de
527 2964 601 3024 villa
628 2967 787 3041 conducta,
815 2965 869 3024 sed
895 2983 913 3023 a
935 2955 1032 3026 servo
1046 2983 1115 3025 cou-

9 3035 11 3066 Ι
100 3055 235 3118 ductoris
263 3055 312 3115 vel
338 3053 436 3114 coloni
461 3054 583 3113 incensa
605 3045 656 3134 (D.
672 3056 722 3129 19,
739 3056 767 3130 2,
782 3055 833 3126 30,
848 3056 877 3113 4.
902 3056 952 3132 19,
972 3055 1000 3127 2,
1022 3057 1050 3130 1,
1068 3049 1115 3134 4),

98 2523 137 2583 cf.
160 2540 304 2598 suprap.
325 2523 375 2581 18.

191 2610 288 2671 Servii
311 2610 411 2670 studia
435 2613 528 2687 quant
529 2630 539 2668 ι
515 2609 656 2669 t'Labao
680 2609 893 2686 aestimaverit,
915 2609 983 2666 inde
1007 2610 1115 2687 elucet,

100 2697 185 2778 quod
221 2700 339 2776 saepius
374 2700 423 2760 vel
459 2698 572 2758 similes
607 2698 656 2758 vel
687 2697 807 2756 easdem
840 2715 889 2756 res
921 2697 1046 2773 tractat,
1078 2655 1115 2755 dc²

100 2787 213 2866 quibus
237 2787 356 2849 Servius
379 2787 488 2847 Alfeno
511 2788 589 2846 teste
611 2785 800 2863 respondisse
821 2785 870 2845 vel
893 2784 1047 2860 scripsisse
1069 2784 1114 2846 ιι-

173 3228 189 3276 1
216 3222 315 3278 Partes
342 3222 419 3278 illiue
447 3221 550 3276 aetatis
575 3221 742 3277 nominatim
765 3221 862 3276 afferre
886 3219 979 3276 Labeo
1003 3219 1116 3275 videtur

9 3283 11 3316 ⁷
99 3311 158 3350 non
176 3292 358 3349 dubitavisse.
389 3296 471 3348 certe
489 3310 545 3347 non
563 3293 646 3348 modo
663 3292 855 3346 Maecenatem
870 3292 985 3360 eiusque
999 3306 1113 3346 uxorem

99 3363 265 3421 Terentiam
282 3362 426 3421 nominavi
428 3363 497 3434 t.(D
503 3369 564 3431 24,1
569 3365 637 3434 o,4),
655 3363 705 3417 sod
724 3361 809 3416 etiam
824 3361 957 3415 Calenum
972 3361 1114 3432 dispensa·

99 3441 194 3492 torem
217 3435 261 3506 (D.
280 3441 323 3505 40,
339 3443 354 3491 7
357 3439 423 3505 ,21)
451 3440 481 3491 et
504 3406 646 3489 Aufidium
669 3432 713 3504 (D.
733 3437 776 3501 32,
790 3437 824 3486 30
826 3433 875 3501 ,1)
904 3436 934 3487 ot
955 3430 1114 3488 Iuventium

9 3573 10 3592 3
98 3479 339 3622 (o.„,rs1sr’).
