2506 3880
142 145 184 211 82
221 145 243 201 Ι.
266 143 422 199 AETATIS
443 141 600 198 AUGUSTI
622 141 669 196 ΕΤ
693 140 830 196 TIBERII
853 141 950 198 IURIS
975 142 1154 199 CONSULTI

229 312 341 388 Recepi
365 307 400 371 ea
421 313 541 371 tantum
565 311 743 388 fragmenta,
765 328 841 385 quae
864 309 975 370 diserte
998 310 1045 370 his
1067 310 1154 370 libris

142 401 359 461 attribuuntur.
402 398 482 477 quod
505 399 666 458 adrerum
690 399 823 459 ordinem
846 400 964 478 attinet,
985 399 1155 458 Labeonem

144 509 263 568 quoque
286 507 334 548 res
352 489 513 548 secundum
531 489 613 566 leges
632 487 795 564 explicasse
813 487 877 547 veri
896 488 1081 547 simillimum
1100 491 1155 567 est,

144 597 326 655 quamquam
343 578 375 636 in
394 577 522 637 secundo
540 576 617 637 libro
636 578 719 636 iurte.
736 577 878 637 tractavit
892 570 983 658 (Geli.
999 579 1027 649 6,
1043 579 1095 654 15,
1111 569 1155 656 1),

145 668 182 727 de
202 666 310 743 quibus
329 670 434 726 octava
455 666 560 726 tabula
582 668 732 725 statutum
754 665 847 724 fuisse
869 666 961 744 vulgo
982 665 1156 725 existimant

140 749 256 837 (Bruns
282 755 380 815 fontes
407 776 436 831 p.
461 757 500 815 31
513 773 576 832 sqq.
627 754 744 813 Schoell
766 753 825 812 XII
847 755 927 814 tebb.
949 774 979 830 p.
1000 757 1062 814 144
1075 747 1154 833 sqq).

145 845 197 904 sed
237 845 313 904 hanc
349 845 520 921 opinionem
555 862 616 902 non
651 843 725 902 satis
761 842 919 902 fundatam
956 861 1020 902 esse
1051 861 1155 903 omnes

144 935 252 993 harum
274 952 375 992 rerum
393 932 483 1008 periti
501 932 698 992 consentiunt.
736 931 772 992 ci.
790 931 912 992 Pernice
931 931 954 1003 L
974 933 1026 992 54.
1061 932 1157 992 Lenel

142 1022 174 1082 P.
199 1022 236 1082 ad
261 1020 369 1082 Gaium
391 1023 455 1082 425
480 1023 547 1080 n.2
576 1021 637 1079 iarn
664 1019 792 1080 secunda
820 1020 923 1082 tabule
945 1021 1047 1080 decem
1074 1021 1156 1081 viros

142 1112 178 1170 de
210 1111 301 1171 furtis
336 1109 432 1188 egisse
463 1127 652 1186 nequaquem
678 1109 743 1169 veri
769 1109 913 1170 dissimile
941 1128 1005 1169 esse
1033 1109 1156 1170 iudicat.

141 1200 178 1260 ef.
209 1199 452 1274 Sabinussystem
480 1218 510 1274 p.
530 1195 554 1257 4‘
561 1217 602 1273 sq.
634 1197 737 1275 itaque
767 1217 843 1275 quae
870 1198 983 1258 incerta
1010 1201 1095 1274 sunt,
1123 1199 1155 1258 in

140 1290 254 1350 incerto
277 1287 474 1364 relinquenda
496 1305 560 1346 esse
582 1286 696 1363 putavi.

561 1535 670 1616 Liber
692 1535 729 1595 II.

564 1670 612 1729 Dc
632 1671 729 1742 furtis.

230 1800 259 1863 1.
287 1796 419 1881 oeric,
439 1799 537 1884 15,1.
563 1833 600 1844 -
626 1775 735 1862 uasto
759 1796 794 1860 in
817 1796 900 1861 uero
924 1796 1154 1863 cedeonem

141 1887 264 1952 tabulis
292 1888 430 1953 secundo
460 1886 546 1952 acria
574 1890 606 1951 et
635 1908 746 1950 seuere
773 1885 891 1950 iudicia
914 1885 1072 1950 defertis
1096 1886 1155 1952 ha-

36 1973 38 1980 ’
141 1976 212 2041 bita
235 1997 304 2041 esse
328 1976 412 2060 apud
435 1981 559 2041 ueteres
584 1976 723 2059 scripsit,
744 1974 840 2059 idque
858 1973 996 2039 Brutum
1021 1976 1153 2042 solitum

142 2065 254 2147 dicere,
273 2068 307 2128 et
324 2064 403 2128 furti
423 2065 611 2129 damnatum
629 2085 707 2143 esse,
726 2062 782 2147 qui
799 2063 979 2129 iumentum
998 2064 1155 2130 aliorsum
1195 2113 1199 2121 .

142 2153 291 2238 duxerat,
314 2173 411 2237 quam
436 2173 500 2236 quo
523 2151 677 2216 utendum
700 2157 879 2236 acceperat,
902 2152 980 2216 item
1004 2154 1060 2238 qui
1083 2154 1155 2218 lon-

142 2241 215 2327 gius
238 2240 442 2326 produxerat,
465 2262 562 2325 quam
585 2240 620 2304 in
642 2262 737 2324 quem
758 2240 866 2306 locum
888 2243 1035 2326 petierat.

230 2389 267 2450 ci.
286 2387 417 2447 Brutum
436 2388 451 2446 I
474 2408 501 2465 p.
518 2389 568 2448 23.
608 2387 672 2448 Gai.
686 2388 733 2447 ΙΠ
748 2389 810 2447 196
833 2433 884 2450 ...
902 2388 1156 2467 furti'obligatur

220 2477 246 2535 si
270 2477 337 2554 quis
360 2496 471 2553 equum
492 2477 632 2555 gestandi
660 2477 760 2556 gratia
786 2478 1006 2538 commodatum
1032 2478 1155 2555 longius

143 2567 242 2642 aliquo
276 2566 407 2644 duxerit,
441 2567 520 2644 quod
550 2569 667 2629 veteres
699 2566 882 2643 scripserunt
914 2566 949 2626 de
979 2585 1014 2626 eo
1041 2568 1095 2642 qui
1123 2567 1156 2627 in

141 2657 236 2716 eciem
267 2656 465 2733 perduxisset.

465 2887 516 2945 Ex
537 2885 690 2946 incertis
712 2886 827 2946 libris.

459 3020 506 3077 De
528 3020 654 3094 tepttc'ma
675 3019 835 3082 hereditate.

230 3149 260 3214 2.
284 3145 530 3233 Ge11.1,12‚18.
555 3183 593 3193 -
664 3148 698 3212 in
721 3148 961 3213 commentariis
980 3148 1157 3235 Labeonis,

142 3259 223 3321 quae
243 3237 283 3303 ad
304 3236 469 3302 duodecim
488 3237 616 3302 tabulas
636 3239 825 3321 composuit,
847 3238 895 3303 ita
914 3237 1069 3322 scriptum
1089 3244 1157 3305 est:

149 3327 241 3408 Virpe
270 3326 401 3392 Vestalis
426 3345 521 3407 neque
546 3325 631 3391 teres
656 3331 700 3391 est
725 3327 869 3410 cuiquam
896 3327 1036 3392 intestato
1057 3347 1158 3412 neque

142 3414 300 3478 intestatae
325 3416 501 3497 quidquem,
527 3416 581 3480 sed
606 3417 685 3480 toea
716 3417 782 3481 aaa
813 3416 1028 3498 inpublicare
1053 3420 1158 3503 redipt
1242 3411 1243 3486 ἶ

142 3503 240 3566 aient.
284 3503 319 3567 id
340 3524 398 3585 peso
421 3505 489 3568 ture
509 3504 576 3588 fiat,
597 3505 764 3586 quaeritur.
