2550 3888
397 184 420 233 7.
443 177 479 232 M.
495 177 684 233 ANTISTIUS
702 179 820 234 LABEO
1070 179 1113 242 63

450 346 522 423 tias,
544 346 624 423 quod
645 348 769 422 nuptiae

450 453 514 493 esse
527 455 587 494 non
597 439 769 511 potuerunt,

448 523 574 600 ideoque
616 525 642 583 si
684 542 770 598 spon·

450 611 526 670 salia
543 613 769 687 antecesserint,

328 713 332 720 '
450 701 530 760 valet
550 701 702 762 donatio'

590 870 625 930 K

166 985 316 1061 Ulpianus
338 983 416 1043 libro
439 971 522 1044 serto
546 985 585 1044 ad
704 985 853 1061 Ulpianus
870 985 948 1045 libro
966 985 1062 1061 primo
1077 986 1113 1045 de

101 1075 235 1156 edictum
254 1066 441 1154 (praetoris).
468 1073 503 1134 D.
515 1077 544 1150 3,
554 1077 584 1152 2,
638 1074 793 1133 adulteriis
812 1074 1112 1152 1151111112.-

102 1165 131 1241 4,
146 1166 166 1222 4
187 1189 229 1210 ==
246 1163 285 1222 D.
303 1165 516 1240 4⁷,15‚1pr.
541 1193 582 1203 -
636 1162 895 1240 l‘raeraricatores
912 1182 962 1223 eos
981 1163 1113 1240 appella·

101 1253 327 1328 praevaricator
349 1297 401 1311 ...
425 1261 471 1310 est
495 1252 583 1328 quasi
636 1263 712 1327 mus,
731 1252 784 1329 qui
802 1271 923 1312 cansam
937 1253 1115 1314 adversariis

102 1341 261 1417 varicator,
280 1341 334 1417 qui
351 1339 500 1399 diversam
513 1359 582 1416 par·
638 1341 699 1400 suis
716 1340 828 1400 donant
842 1344 872 1400 et
886 1361 921 1400 ex
935 1346 1020 1417 parte
1035 1344 1113 1400 acto·
1171 1341 1173 1346 ’

102 1433 164 1488 tem
196 1429 321 1489 adiuvat
348 1428 467 1504 prodita
492 1447 583 1488 causa
637 1430 678 1488 ris
697 1429 729 1488 in
747 1433 864 1505 partem
877 1431 920 1489 rei
934 1431 1113 1491 concedunt:

103 1535 165 1578 sua.
208 1518 288 1594 quod
310 1535 419 1577 nornen
440 1516 583 1577 Labeon
637 1537 655 1576 a
690 1515 878 1594 vari[o]ando
914 1519 992 1578 enim
1028 1538 1113 1595 prae-

102 1607 187 1666 raria
201 1607 367 1667 certatione
379 1609 511 1665 tractum
525 1606 582 1681 ait,
636 1606 816 1666 varicatores
841 1608 913 1666 dieti
936 1610 1014 1667 sunt.

102 1715 172 1754 nem
200 1695 254 1774 qui
280 1695 520 1770 praevaricatur,
547 1714 583 1753 ex

104 1789 232 1860 utraque
250 1786 337 1859 parte
351 1784 495 1859 constitit,
509 1785 583 1860 quin

5 1889 7 1920 1
72 1926 76 1934 .
103 1870 192 1932 immo
215 1892 253 1932 ex
274 1874 399 1932 adversa
418 1863 469 1953 (ex
486 1873 583 1932 altera

103 1961 139 2022 D.
154 1965 208 2040 47,
224 1963 276 2039 15,
293 1953 384 2041 lpr.).

485 2156 508 2216 Ι.
540 2157 732 2234 Responsa.

5 2305 6 2346 1
192 2253 363 2342 Labeonem
390 2282 501 2358 populo
524 2281 654 2344 admisso
677 2283 902 2346 consulentibus
925 2283 1114 2359 respondisse

106 2369 221 2430 Gellius
244 2373 389 2446 13‚10‚1
410 2370 505 2430 tradit
523 2364 774 2450 (bonsnentibus
793 2373 829 2432 ds
848 2373 913 2432 iure
930 2371 1050 2448 publiea
1069 2372 1115 2430 re-¹

5 2469 7 2474 '
105 2452 319 2537 sponsitavit’).
343 2459 389 2518 ius
404 2449 504 2520 tannen
516 2459 593 2519 illud
601 2461 807 2536 respondendi,
822 2461 901 2538 quod
911 2479 948 2520 ex
957 2459 1115 2520 Octaviani

104 2547 236 2626 Augusti
246 2547 431 2624 temporibus
441 2567 460 2608 a
470 2548 652 2624 principibus
661 2549 791 2608 dabatur
800 2541 998 2629 (Pomponius
1007 2539 1114 2629 §4s)¹,

105 2637 193 2697 illum
209 2637 351 2698 habuisse
370 2637 420 2695 vix
437 2639 578 2714 cuiqnam
597 2641 645 2696 est
661 2637 810 2696 credibile.
844 2656 940 2712 neque
957 2637 1037 2696 enim
1049 2637 1115 2698 fieri

103 2725 213 2804 potuit,
231 2729 268 2788 ut
281 2729 335 2786 aut
349 2724 531 2786 Octavianus
544 2725 686 2796 Labeoni,
708 2729 742 2784 ut
761 2729 826 2786 erat
844 2726 941 2786 auium
956 2743 975 2783 a
989 2723 1115 2786 Caesare

104 2815 298 2890 alienissimo,
321 2815 368 2874 ius
391 2814 589 2891 respondendi
612 2815 733 2874 offerret
754 2819 810 2874 aut
831 2815 883 2874 ille
906 2814 1042 2876 oblatum
1065 2831 1114 2874 ac-

5 2897 6 2904 '
95 2903 203 2978 ¹cipere
231 2904 333 2963 vellet.
378 2904 573 2964 nihilominus
596 2904 628 2963 in
651 2923 686 2964 so
709 2923 819 2982 genere
841 2905 1005 2981 plurimum
1026 2902 1113 2961 illurn

103 2992 236 3052 valuisse
264 2993 332 3050 inde
360 2997 497 3068 apparet,
525 2993 605 3068 qnod
633 2999 692 3053 no‘n
718 3013 815 3070 pauca
841 2994 905 3054 eius
933 3009 1116 3068 responsas

103 3081 320 3156 posterioribus
343 3083 512 3142 traduntur.

193 3169 263 3230 Non
282 3189 349 3230 raro
368 3188 436 3232 oum
454 3171 529 3250 aliis,
543 3170 679 3246 inprimis
694 3169 791 3246 Ofilio,
807 3171 961 3246 Cascellio,
975 3169 1116 3229 Trebatio

104 3259 142 3318 de
170 3259 276 3320 eadem
294 3278 336 3320 ,re
362 3259 482 3320 videtur
508 3260 663 3320 consultus
690 3277 754 3320 esse
779 3263 833 3321 aut
854 3260 935 3320 idem
957 3260 1012 3318 aut
1033 3257 1116 3320 eliud

178 3409 300 3476 1.Qucd
322 3411 492 3480 Pomponius
515 3417 545 3477 §g
564 3415 607 3467 48.
621 3417 656 3466 49
679 3410 753 3465 inter
776 3427 805 3466 se
827 3391 984 3480 pugnantia
1006 3385 1117 3465 videtur

106 3479 218 3550 referre,
232 3497 296 3534 cum
307 3481 477 3536 Mommseno
491 3483 641 3552 legendum
656 3499 716 3536 esse
730 3487 798 3552 puto
810 3481 942 3536 ‘Sabinus
953 3482 983 3536 in
994 3482 1117 3554 equestri
1178 3501 1180 3508 ’

105 3550 206 3607 ordine
225 3551 293 3623 [fuit
311 3553 352 3624 et]
369 3553 481 3623 publice
500 3555 607 3623 primus
623 3553 790 3624 respondit'.
823 3554 857 3608 of.
873 3552 997 3622 Krueger
1014 3573 1040 3623 p.
1057 3558 1116 3606 150.
