2508 3896
148 156 213 220 556
250 156 284 208 n.
310 153 377 210 rin.
401 152 477 208 anu
500 153 628 210 onnon.
651 151 787 210 reson.
812 151 919 208 nane.
938 151 1034 207 rums
1055 152 1158 212 cors.
1228 139 1230 228 l

1228 237 1230 270 l

147 323 190 399 fit,
214 322 284 400 quia
308 321 476 398 superficies
500 323 563 382 solo
587 321 672 382 osdit.
708 322 864 398 multoque
886 321 982 399 magis
1001 321 1033 381 id
1052 323 1159 384 accidit

151 415 182 471 et
204 410 236 470 in
257 411 362 487 planta
384 431 474 488 quem
496 411 562 489 quis
585 412 618 468 in
640 410 703 470 solo
726 413 828 470 nostro
850 411 997 488 posuerit,
1021 411 1048 470 si
1071 412 1158 472 modo
1229 457 1230 472 .

149 499 299 559 radicibus
331 503 445 559 terram
472 500 613 576 conplexa
638 499 741 560 fuerit.
789 498 869 558 idem
895 501 1045 576 contingit
1072 503 1104 560 et
1128 503 1161 560 in

145 589 296 648 frumento
328 590 407 665 quod
437 589 470 648 in
501 588 565 648 solo
592 591 695 649 nostro
722 589 760 648 ab
790 588 892 664 aliquo
919 593 1019 648 satum
1047 583 1158 649 faerit’.

146 675 210 736 oar.
226 679 255 753 2,
271 679 410 739 is-ss.

237 781 265 843 7.
293 779 332 844 D.
346 781 399 862 41,
415 780 443 858 1,
458 780 509 845 28.
555 779 645 843 Idem
673 777 729 863 (so.
751 777 963 864 Pomponius)
992 777 1078 845 libro
1104 781 1158 844 tri-

147 868 292 953 genaimo
311 869 408 932 tertio
428 868 468 932 ad
488 866 643 932 Sabinum
662 867 711 952 (P.
727 864 815 955 781).
834 904 876 914 -
896 865 931 932 si
950 889 1049 952 supra
1067 873 1158 934 tuum

146 958 304 1040 parietem
328 956 450 1022 vicinus
474 956 704 1040 aedificaverit,
731 958 898 1040 proprium
922 955 990 1022 eius
1013 957 1049 1022 id
1073 958 1156 1043 quod

78 1107 81 1114 ,
148 1045 364 1111 aedificaverit
386 1045 457 1110 fieri
480 1045 588 1110 Labeo
611 1049 644 1110 et
667 1043 805 1110 Sabinus
829 1045 929 1110 aiunt.

305 1247 352 1306 Da
376 1263 452 1306 nona
474 1249 566 1320 merie
588 1263 622 1304 aa
645 1247 742 1306 adona
763 1247 887 1305 materia
909 1247 999 1318 factu.

234 1370 279 1428 De
298 1371 353 1430 hao
371 1390 403 1430 re
423 1370 497 1430 dixit
514 1369 616 1430 Nerva
633 1365 716 1448 (Hp.
727 1362 815 1449 307),
832 1388 887 1429 neo
906 1370 1004 1429 minus
1021 1370 1157 1434 Sabinus.

147 1458 185 1519 of.
197 1459 340 1536 Pompon.
354 1460 388 1520 P.
404 1464 421 1520 7
426 1461 468 1519 50
487 1457 507 1535 ἐ
523 1463 551 1520 1.
587 1459 672 1518 Paul.
686 1458 718 1518 P.
736 1451 908 1534 1868⁸lpn

235 1562 278 1627 8⁸.
311 1561 349 1626 D.
368 1562 422 1646 41,
442 1561 471 1642 1,
491 1563 520 1645 7,
540 1562 569 1626 7.
618 1559 718 1625 Gaius
750 1559 834 1624 libro
868 1559 1007 1625 secundo
1037 1559 1157 1626 Rerum

146 1647 404 1715 Cottidianarum
428 1651 496 1715 sive
518 1649 700 1714 Aureorum
719 1644 768 1736 (P.
783 1645 889 1736 4911).
911 1685 956 1696 -
979 1647 1062 1714 Cum
1086 1652 1156 1735 quis

146 1759 185 1802 ex
204 1738 311 1804 aliena
333 1739 469 1804 materia
488 1739 627 1823 speeiem
646 1739 789 1823 aliquam
809 1759 867 1802 suo
887 1737 1017 1802 nomino
1036 1739 1157 1824 feeerit,

243 1826 381 1892 Sabinus
418 1833 450 1892 ot
482 1825 613 1893 Cassius
645 1827 751 1913 magis
783 1828 964 1892 naturalem
996 1827 1155 1892 rationem

147 1914 271 1979 efficere
294 1920 424 2001 putant,
451 1920 487 1981 ut
511 1917 566 2000 qui
588 1917 741 1981 materiae
765 1915 912 1981 dominus
936 1915 1048 1998 fuerit,
1071 1916 1156 1982 idam

146 2003 214 2067 eius
241 2025 381 2088 quoque,
409 2006 494 2090 quod
517 2026 556 2070 ex
580 2006 691 2069 eadem
714 2005 850 2069 materia
873 2005 995 2069 fastum
1019 2005 1075 2088 sit,
1104 2006 1158 2070 do-

146 2091 253 2156 minus
287 2097 385 2172 esset,
418 2095 494 2177 quia
525 2095 594 2157 sine
627 2093 762 2158 materia
793 2091 885 2157 nulla
916 2093 1039 2176 species
1070 2093 1155 2158 effioi

145 2181 263 2265 possit,
290 2181 389 2245 veluti
416 2183 444 2244 si
471 2202 509 2245 ex
535 2202 614 2245 auro
642 2182 693 2246 vel
722 2186 857 2266 argento
885 2182 1032 2247 volsere
1056 2181 1158 2267 (tuo)

145 2289 203 2333 vas
237 2269 366 2353 aliquod
398 2268 518 2353 fecero,
548 2270 599 2333 vel
631 2291 670 2334 ex
701 2269 821 2334 tabulis
853 2271 918 2335 tuis
950 2291 1067 2334 navem
1100 2276 1156 2336 aut

146 2358 321 2422 armarium
345 2363 401 2424 aut
424 2358 576 2424 subsellia
599 2357 718 2441 fecero,
743 2358 795 2423 vel
819 2380 857 2423 ex
880 2358 956 2422 lana
978 2362 1037 2424 tus
1059 2359 1155 2424 vesti·
1229 2375 1230 2378 ’

144 2452 303 2532 mentum,
335 2448 387 2512 vel
415 2470 454 2512 ex
481 2449 556 2513 vino
584 2451 617 2512 et
644 2448 736 2512 melle
763 2450 821 2511 tuo
848 2447 1002 2532 mulsum,
1034 2449 1087 2512 vel
1116 2471 1154 2512 ex
1228 2527 1230 2536 Ι

145 2536 388 2601 medicamentis
415 2536 481 2601 tuis
510 2536 721 2620 emplastrum
748 2539 805 2600 aut
831 2536 1014 2621 collyrium,
1041 2537 1093 2602 vel
1116 2557 1153 2602 ax
1229 2537 1230 2542 ’

144 2625 216 2689 uvis
244 2630 300 2690 aut
328 2626 421 2691 olivis
450 2630 507 2691 aut
534 2625 630 2710 spiois
657 2625 722 2690 tuis
750 2624 862 2689 vinum
889 2627 940 2690 vel
967 2626 1075 2690 oleum
1104 2627 1154 2690 vel
1229 2663 1230 2666 κ

142 2713 347 2780 frumentum.

234 2800 278 2868 8b.
302 2801 370 2868 Grai.
389 2803 420 2886 2,
440 2803 490 2867 79.
516 2837 554 2850 -
579 2800 620 2866 In
647 2801 719 2867 aliis
743 2801 966 2885 ..speciebus
994 2803 1154 2868 naturalis

143 2891 228 2956 ratio
256 2891 442 2976 requiritur.
487 2891 622 2976 proinde
651 2890 679 2955 si
706 2912 745 2954 ex
772 2891 843 2955 uvis
872 2891 950 2974 <aut
978 2891 1072 2956 olivis
1098 2896 1155 2956 aut

144 2979 264 3064 spicis>
287 2981 367 3045 meis
390 2980 501 3046 vinum
524 2984 581 3044 aut
603 2979 709 3044 oleum
733 2983 790 3043 aut
811 2978 1008 3044 frumentum
1029 2979 1153 3064 feraris,

145 3068 323 3154 quaeritur,
350 3074 459 3133 utrum
487 3090 595 3132 meum
623 3070 667 3133 sit
693 3067 725 3132 id
754 3069 864 3133 vinum
889 3072 945 3132 aut
967 3069 1074 3134 oleum
1096 3072 1154 3133 aut

143 3155 341 3222 frumentum
374 3179 415 3222 an
447 3161 548 3223 tuum.
598 3157 677 3223 item
706 3157 734 3221 si
762 3177 802 3220 ex
829 3178 907 3222 auro
936 3160 992 3222 aut
1017 3161 1152 3242 argento

144 3265 216 3308 meo
244 3265 302 3308 vas
331 3245 460 3330 aliquod
487 3245 615 3328 feceris,
642 3246 694 3311 vel
722 3267 760 3310 ex
787 3244 907 3310 tabulis
933 3247 1014 3311 meis
1037 3267 1152 3311 narem

145 3335 202 3395 aut
225 3333 398 3397 armarium
422 3337 478 3397 aut
501 3334 692 3400 subsellium
715 3333 937 3417 fabrioaveris‚
959 3335 1037 3402 item
1062 3336 1091 3400 si
1114 3356 1152 3400 ex

144 3418 221 3481 lana
243 3441 315 3482 mea
337 3421 565 3486 vestimentum
588 3421 711 3504 fereris,
733 3423 783 3486 vel
807 3423 835 3486 si
855 3444 895 3486 ex
912 3423 987 3488 vino
1006 3427 1040 3487 et
1057 3423 1152 3488 mella

144 3523 217 3567 meo
258 3507 398 3571 mulsum
438 3509 567 3594 feceris,
608 3509 676 3575 sive
717 3532 754 3574 ex
791 3511 1034 3576 medicamentis
1071 3513 1152 3578 meis
