2550 3888
407 175 431 225 ⁷.
454 167 491 222 Μ.
508 167 699 225 ANTISTIUS
718 169 837 224 LABEO
1085 169 1125 232 17

117 339 225 400 emerit
244 338 360 399 volenti
377 337 415 397 ad
432 337 569 396 luxuriae
588 337 745 397 materiam
764 330 817 398 ...’
835 331 942 413 ‘nsque
962 337 1041 398 enim
1059 355 1126 412 spe·

119 432 245 501 stamus,
265 446 304 486 an
319 427 396 487 bono
411 425 531 486 domino
547 427 670 486 cesserit
684 425 764 502 quod
778 430 988 502 consumptum
1002 428 1057 504 est,
1075 426 1128 486 sed

120 537 158 578 an
177 518 210 576 in
227 515 385 593 negotium
403 510 526 574 domini'
545 515 581 573 D.
598 517 649 593 15,
664 517 693 593 3,
708 517 737 590 3,
753 517 780 574 6.
822 515 909 574 fundi
926 515 1127 576 instrumento

119 608 220 685 legato
248 606 280 664 id
307 623 397 680 pecus
424 605 529 664 cedere
555 604 685 681 putabat
707 603 839 681 Tubero,
866 604 945 681 quod
968 604 994 663 is
1017 603 1128 664 fundus

118 694 267 756 sustinere
285 693 441 770 potuisset.
480 692 580 763 Labeo
598 711 669 753 vero
688 693 817 768 putavit,
835 711 895 752 nou
914 687 1129 770 ‘quaerendum

121 803 198 862 esse,
235 781 309 860 quid
344 782 498 842 debuisset
533 781 635 858 parari
669 781 800 858 peeoris¹
822 780 1016 841 instrumenti
1043 783 1130 842 fundi
1241 795 1245 800 '

119 892 225 950 causa,
250 871 303 931 sed
324 871 397 949 quid
418 874 560 948 paratum
583 863 674 930 esset’
697 870 733 929 D.
750 872 805 946 33,
822 873 854 946 7,
869 871 920 930 25.

209 961 362 1037 Analogia
383 978 516 1038 quoque,
538 978 614 1037 quae
637 962 773 1037 vocatur,
796 959 1036 1037 frequentissime
1059 978 1130 1020 usus

120 1053 175 1110 est
226 1049 303 1108 talia
330 1049 410 1108 enim
435 1048 589 1126 leguntur:
621 1043 660 1108 ‘si
687 1067 746 1108 uno
773 1048 871 1124 pretio
898 1047 1001 1124 plures
1029 1066 1130 1109 servos

121 1138 236 1217 emisti,
268 1141 300 1197 et
332 1137 368 1197 de
400 1157 460 1196 uno
487 1154 578 1215 agere
604 1137 692 1214 velis,
723 1136 1042 1197 interaestimationem
1070 1156 1130 1198 ser·

121 1247 229 1290 vorum
246 1226 372 1304 proinde
389 1226 455 1286 fieri
474 1226 579 1286 debere
595 1229 684 1302 atque
698 1229 735 1286 ut
747 1225 833 1285 fieret
846 1226 877 1285 in
892 1226 1132 1286 aestimationem

122 1315 267 1379 bonitatis
300 1316 378 1394 agri,
416 1334 484 1374 cum
516 1314 553 1374 ob
586 1315 716 1375 evictam
746 1319 863 1391 partem
893 1314 981 1374 fundi
1012 1309 1132 1392 agatur'

125 1407 163 1466 D.
183 1408 237 1482 21,
254 1409 286 1480 1,
307 1407 349 1465 64
360 1425 404 1481 pr.
454 1399 648 1480 ‘quamquam
678 1403 714 1462 de
741 1403 900 1463 reficienda
926 1406 1042 1481 cloaca,
1072 1424 1132 1464 non

10 1539 14 1548 .
125 1495 218 1555 etiam
248 1494 285 1552 de
316 1513 396 1554 nova
427 1493 564 1552 facienda
590 1494 646 1553 hoc
672 1493 830 1552 interdicto
858 1493 1134 1570 comprehendatur,

52 1657 55 1662 1
123 1586 226 1644 tamen
254 1601 348 1659 aeque
373 1582 611 1642 interdicendum
638 1582 694 1653 ait,
721 1601 759 1640 ne
786 1576 909 1641 facienti
932 1583 1064 1642 cloacam
1086 1583 1133 1644 vis

124 1673 186 1748 fiat,
209 1671 281 1749 quia
303 1671 407 1731 eadem
429 1671 547 1730 utilitas
563 1665 615 1730 sit'
634 1671 669 1729 D.
681 1671 732 1746 43,
744 1672 794 1748 23,
806 1673 833 1730 2.
871 1665 1001 1730 ‘etiamsi
1014 1676 1135 1747 praetor

124 1763 181 1822 hoc
202 1760 365 1820 interdicto
388 1760 424 1818 de
447 1760 533 1836 aquis
555 1759 675 1836 frigidis
697 1759 821 1836 sentiat,
846 1759 948 1820 temen
971 1760 1006 1818 de
1030 1761 1134 1819 calidis

124 1851 211 1928 aquis
233 1849 395 1908 interdicta
416 1868 477 1909 non
499 1866 563 1908 esse
582 1847 768 1923 deneganda,
791 1866 918 1923 namque
937 1849 1044 1907 harum
1063 1867 1136 1924 quo·

125 1958 184 2017 que
216 1957 362 2015 aquarum
393 1956 482 1997 usum
509 1955 574 1996 esse
598 1929 815 1996 'necessarium'
842 1936 879 1995 D.
894 1937 949 2015 43,
966 1939 1021 2013 20,
1038 1940 1070 2015 1,
1087 1940 1135 1997 13.

125 2021 229 2088 ‘talem
254 2027 432 2087 servitutem
455 2025 597 2086 constitui
620 2043 721 2103 posse,
747 2029 783 2084 ut
807 2044 916 2103 aquam
939 2045 1082 2104 quaerere
1106 2031 1137 2085 et

128 2116 282 2177 inventam
309 2115 415 2175 ducere
443 2116 545 2191 liceat,
571 2134 642 2174 nam
664 2115 690 2175 si
712 2115 803 2174 liceat
824 2116 957 2174 nondum
981 2115 1136 2176 aedificato

128 2205 263 2266 aedificio
291 2205 467 2264 servitutem
495 2205 688 2281 constituere,
720 2223 812 2280 quare
840 2223 900 2264 non
927 2223 1020 2281 aeque
1047 2203 1138 2264 liceat

128 2295 260 2354 nondum
297 2293 419 2354 inventa
451 2312 529 2370 aqua
561 2294 684 2352 eandem
716 2293 896 2353 constituere
929 2288 1137 2353 servitutem'l'
1200 2357 1203 2364 ,

129 2382 172 2443 Ι).-
185 2386 217 2458 8,
238 2385 272 2460 3,
293 2386 342 2443 10.
388 2377 569 2459 ‘quaesitum
596 2387 654 2455 est,
682 2382 720 2454 si,
748 2400 817 2441 curn
841 2383 996 2457 praedium
1018 2383 1139 2448 interim

128 2471 243 2532 nullius
272 2475 362 2548 esset,
390 2470 505 2548 aliquid
526 2471 557 2532 vi
580 2474 634 2530 aut
657 2471 734 2530 olam
757 2471 869 2530 laetum
892 2471 945 2549 sit,
973 2491 1011 2530 an
1034 2475 1140 2547 postea

13 2571 15 2636 l
131 2560 262 2620 dominio
285 2561 324 2619 ad
345 2560 479 2637 aliquem
500 2559 641 2619 devoluto
661 2559 821 2619 interdicto
840 2560 922 2619 locus
941 2561 989 2635 sit,
1013 2562 1140 2636 utputa

132 2649 282 2709 hereditas
307 2649 424 2708 iacebat
521 2667 558 2707 ne
581 2647 657 2705 illud
680 2647 800 2723 quidem
822 2648 940 2706 obstare
963 2646 1063 2718 Labeo
1087 2649 1139 2717 ait,

133 2737 215 2814 quod
237 2756 271 2797 eo
292 2741 428 2814 tempore
451 2755 538 2796 nemo
561 2735 699 2795 dominus
722 2735 827 2794 fuerit:
849 2753 921 2795 nam
941 2737 973 2793 et
992 2734 1141 2809 sepulchri
1178 2793 1183 2801 ,

131 2845 219 2886 nemo
242 2827 378 2886 dominus
401 2826 459 2886 fuit
482 2829 513 2886 et
535 2827 648 2902 tamen,
673 2825 698 2884 si
722 2824 793 2902 quid
816 2825 848 2883 in
871 2843 906 2885 eo
929 2824 990 2902 fiat,
1014 2823 1142 2901 experiri
1176 2896 1178 2902 Ι

14 2909 15 2958 3
133 2935 254 2992 possum
279 2915 358 2993 quod
381 2915 412 2975 ri
431 2918 483 2974 aut
502 2909 590 2975 clam'
609 2916 645 2975 D.
660 2917 712 2994 43,
727 2917 777 2987 24,
794 2917 844 2992 13,
860 2917 887 2975 5.
929 2914 993 2974 eius
1009 2933 1141 2992 servum,

132 3005 184 3080 qui
205 3007 276 3080 post
299 3007 424 3064 mortem
447 3023 544 3063 meam
566 3007 655 3063 natus
679 3004 727 3081 sit,
749 3005 889 3064 heredem
911 3003 1032 3062 institui
1054 3023 1142 3080 posse

132 3093 232 3153 Labeo
341 3093 446 3153 scribit
471 3093 561 3170 idque
588 3112 694 3153 verum
721 3111 785 3152 esse
808 3136 838 3152 ..
861 3096 1037 3170 argumento
1063 3111 1141 3150 com·
1226 3094 1230 3102 ’

15 3185 16 3254 i
132 3183 254 3258 probat:
297 3181 369 3259 quia
409 3200 512 3242 servus
553 3181 765 3258 hereditarius,
806 3181 991 3258 priusquam,
1018 3181 1142 3239 adeatur

134 3271 294 3351 hereditas,
312 3270 432 3330 institui
449 3272 535 3330 heres
553 3272 661 3347 potest,
681 3269 816 3345 quamvis
835 3270 861 3329 is
879 3269 1053 3328 testamenti
1071 3268 1144 3329 facti

134 3362 269 3436 tempore
290 3359 404 3418 nullius
428 3359 467 3419 sit
489 3359 527 3419 D.
543 3361 593 3437 28,
609 3361 637 3434 5,
655 3359 747 3434 ssbpr.
789 3376 907 3418 serrum
931 3357 983 3434 qui
1001 3377 1061 3418 nou
1079 3359 1144 3435 qui·

137 3448 202 3508 dem
224 3449 368 3508 tabernae
386 3449 558 3524 propositus
577 3449 628 3507 sed
646 3465 771 3524 peregre
789 3446 898 3505 missus
917 3445 957 3504 sit
975 3447 1012 3505 ad
1031 3463 1143 3506 merces

136 3537 353 3614 comparandas
372 3541 402 3597 et
420 3537 590 3596 tabernario
605 3536 767 3594 mittendas
782 3529 857 3595 ‘loco
871 3534 1018 3593 institoris
1032 3534 1143 3592 haben-

188 3645 286 3696 rumpe.
301 3645 419 3687 antehadr.
433 3645 482 3686 rell.
495 3645 530 3686 sd.
542 3643 642 3685 Bremer.
664 3643 695 3682 IL
917 3636 933 3683 2
