2512 3888
154 168 221 232 420
261 166 294 222 Il.
318 163 387 220 ΤΙΒ.
407 163 482 219 GAlI
505 161 633 218 CLAUD.
657 161 793 218 NERON.
812 160 1035 220 rollannus
1060 159 1159 217 CONS.

190 403 194 414 Α
244 333 335 392 Lenel
352 333 372 392 l.
392 351 415 392 c.
434 353 462 408 p.
478 334 519 392 27
532 350 573 409 sq.
598 330 653 390 ait:
681 325 756 390 ‘lrre
779 330 828 390 ich
850 329 946 407 nicht,
975 348 1007 390 so
1032 329 1156 389 erlrcnne

155 424 204 484 ich
227 422 329 483 soinen
353 412 406 502 (sc.
432 413 548 502 Sabini)
573 412 779 496 Lapidarstil'.

248 532 311 597 10?
343 531 382 598 D.
399 531 475 596 ibid.
495 533 514 612 ἕ
537 531 585 596 12.
618 527 667 617 (Ρ.
689 527 813 616 24632).
843 565 881 578 -
907 528 1050 594 Heredes
1083 528 1158 593 iuris

157 643 356 687 successores
381 623 464 704 sunt,
488 627 520 684 et
543 619 572 683 si
589 621 697 704 plures
717 619 937 702 instituantur,
960 617 1060 682 dividi
1079 617 1160 682 iuter

156 732 212 775 eos
237 733 255 774 a
277 713 434 774 testatore
456 710 506 773 ius
530 715 672 793 oportet3
700 708 784 792 quod
807 710 836 772 si
859 730 925 773 nou
948 707 1018 790 fiat,
1047 728 1154 771 omues

157 799 335 884 aequaliter
357 798 490 862 heredes
514 800 599 862 sunt.

245 908 339 969 Lencl
357 910 377 969 l.
396 928 419 969 c.
438 930 467 986 p.
487 910 542 969 28:
573 903 654 985 ‘mag
680 909 851 970 wortliches
878 909 1005 992 Rclcrat
1028 925 1084 967 cus
1113 907 1161 967 Sa·

157 999 245 1058 binus
269 993 354 1061 scin'.

245 1086 394 1164 Ulpianus
418 1086 453 1146 de
478 1085 585 1146 herede
606 1087 637 1145 in
655 1089 784 1164 utroque
802 1088 992 1162 testamento,
1015 1087 1047 1144 at
1064 1084 1162 1146 verbis

157 1179 189 1236 et
219 1195 274 1253 per
304 1176 484 1252 scripturam
514 1176 607 1250 facto,
639 1175 821 1235 instituendo
854 1175 1016 1251 separatim
1046 1173 1164 1234 ridetur

157 1264 275 1324 dixisse.
331 1267 410 1324 certe
442 1263 474 1324 P.
500 1265 586 1324 2460
622 1264 733 1323 iterum
768 1282 802 1324 ac
839 1264 957 1340 saepius
992 1263 1028 1322 de
1061 1261 1166 1322 herede

158 1354 308 1429 scripto,
333 1371 486 1430 nunquam
509 1353 546 1413 de
569 1352 679 1413 herede
702 1353 798 1412 dicto
818 1353 947 1412 disserit.
988 1369 1166 1430 quamquam

158 1443 190 1503 P.
212 1444 296 1502 2461
322 1442 358 1502 de
382 1461 415 1502 eo
440 1442 491 1520 ait,
515 1441 568 1519 qui
586 1441 680 1501 dixit
698 1443 728 1501 et
747 1441 782 1502 de
807 1460 841 1501 eo
865 1442 916 1519 qui
934 1461 994 1502 non
1013 1440 1098 1518 dixit,
1116 1439 1166 1500 sed

156 1530 349 1590 indubitabili
382 1531 466 1608 siguo
494 1549 602 1590 nomen
629 1530 747 1591 heredis
775 1531 999 1592 demonstravit.
1050 1529 1164 1589 accedit

158 1619 238 1697 quod
266 1620 298 1678 P.
318 1621 402 1680 2435
433 1618 543 1680 diserte
571 1620 607 1680 de
633 1619 742 1679 hcredc
769 1621 813 1680 ait
840 1621 939 1696 palam
965 1619 1162 1694 nuncupando

158 1709 214 1785 ita,
238 1711 273 1768 ut
296 1709 462 1768 exaudiri
485 1728 503 1768 a
525 1708 655 1769 testibus
678 1709 784 1785 possit.

249 1817 312 1882 11?
336 1817 437 1898 1).28,
448 1822 476 1901 1,
487 1819 527 1883 21
539 1842 587 1904 pr.
614 1818 703 1884 Idem
719 1815 909 1907 (Ulpianus)
925 1818 1008 1883 libro
1024 1817 1163 1885 secundo

159 1907 198 1971 ad
223 1905 377 1972 Sabinum
401 1904 450 1994 (P.
464 1905 575 1994 2435).
598 1944 643 1958 -
667 1907 809 1973 Heredes
833 1909 942 1992 palam
964 1908 1026 1990 ita,
1054 1912 1091 1973 ut
1114 1928 1164 1972 ox-

161 1994 264 2059 audiri
287 1996 427 2079 possint,
451 1997 658 2080 nuncupandi
682 2000 766 2062 suut.

249 2105 285 2164 cf.
300 2104 369 2181 Ulp.
384 2106 419 2165 D.
436 2107 486 2184 28,
503 2108 532 2178 5,
549 2109 564 2165 1
586 2106 618 2165 Ρ.
629 2109 724 2169 2431.
757 2102 947 2168 ‘Institutum
967 2110 1069 2167 autem
1087 2109 1173 2168 here·

160 2193 229 2253 dem
260 2212 328 2252 eum
361 2212 478 2272 quoque
510 2194 647 2266 dicimus,
685 2197 737 2273 qui
768 2197 897 2273 scriptus
929 2215 989 2256 non
1021 2199 1079 2270 est,
1121 2197 1173 2257 sad

161 2280 347 2342 solummodo
383 2276 594 2359 nuncupatus'.
655 2281 719 2344 Gai.
744 2288 772 2360 2,
802 2287 866 2346 104
903 2279 1087 2362 ‘nuncupare
1127 2289 1172 2346 est

160 2371 261 2448 palam
294 2367 500 2433 nominare'.
554 2372 623 2449 Ulp.
646 2372 681 2432 D.
707 2375 762 2453 28,
787 2376 815 2435 5.
841 2377 874 2454 9,
898 2376 917 2434 8
941 2374 974 2434 P.
994 2376 1094 2436 2461:
1134 2369 1172 2435 ‘si

161 2479 287 2520 nomen
322 2461 439 2521 heredis
472 2462 591 2539 quidem
622 2481 682 2522 non
714 2462 860 2542 dixerit,
897 2465 949 2524 sed
980 2463 1175 2525 indubitabili

162 2549 248 2627 signo
272 2569 340 2609 eum
363 2549 621 2630 demonstraverit,
645 2552 725 2629 quod
747 2570 858 2628 paone
880 2552 973 2612 nihil
993 2572 1011 2613 a
1029 2555 1172 2614 nomine

159 2637 290 2717 distat,
387 2639 468 2700 valet
490 2634 662 2700 institutio'.

251 2727 296 2787 De
327 2729 383 2788 hac
409 2728 599 2789 institutione
625 2729 704 2789 idem
731 2729 879 2807 Ulpianus
907 2732 950 2791 ait
976 2732 1009 2792 D.
1031 2733 1082 2810 28,
1098 2734 1129 2805 5,
1146 2735 1174 2808 1,

161 2817 194 2876 P.
210 2819 294 2877 2431
320 2810 390 2888 ‘Qui
411 2836 506 2895 neque
529 2819 686 2895 legaturus
709 2819 781 2896 qnid
804 2822 851 2880 est
872 2839 967 2898 neque
991 2839 1175 2898 quemquam

163 2905 403 2982 exheredatorus,
427 2907 557 2982 quinque
580 2906 678 2966 verbis
701 2910 802 2983 potest
824 2909 921 2969 facere
944 2912 1171 2984 testamentum,

162 2997 197 3054 ut
224 2993 316 3054 dicat:
344 2989 465 3054 ‘Lucius
494 2991 591 3052 Titius
619 2996 692 3054 mihi
718 2997 804 3056 heres
832 2992 915 3058 esto'.
966 2999 1039 3057 haec
1067 3001 1174 3058 autem

162 3082 311 3159 scriptura
328 3082 459 3158 pertinet
477 3083 515 3142 ad
533 3100 602 3141 eum
621 3084 671 3161 qui
689 3103 748 3145 non
766 3103 821 3162 par
839 3087 1017 3163 scripturam
1030 3089 1176 3147 testatur.

163 3171 215 3245 qui
237 3171 348 3246 poterit
371 3171 461 3230 etiam
484 3171 580 3232 tribus
602 3173 703 3234 verbis
725 3175 844 3252 testari,
867 3177 902 3235 ut
924 3175 1016 3234 dicat:
1046 3169 1175 3236 ‘Lucius

163 3258 249 3318 heres
272 3253 360 3337 est0'3
383 3277 453 3318 nam
476 3265 507 3320 ct
529 3255 626 3320 ‘mihi'
649 3267 681 3322 et
704 3257 825 3324 ‘Titius’
845 3257 999 3324 abnndat'.

253 3346 477 3406 Testamentum
504 3367 557 3425 per
585 3351 763 3429 scripturam
790 3353 959 3414 faciendum
986 3371 1047 3412 non
1070 3353 1176 3414 tribus

165 3433 283 3490 tantum
304 3434 353 3495 vel
376 3437 521 3511 quattuor
542 3438 640 3500 verbis
663 3441 806 3501 constitui
823 3460 910 3517 posse
928 3441 1078 3516 Ulpianus
1098 3443 1179 3502 satis

164 3517 284 3580 indicat.
321 3524 423 3581 utrum
445 3526 659 3587 testamentum
677 3529 741 3604 ipse
760 3529 926 3606 scripsisset
945 3549 983 3590 an
1002 3531 1054 3590 alii
1075 3531 1177 3593 dicta·
