2568 3890
150 135 215 200 258
253 139 273 192 l.
295 134 450 191 AETATIS
468 132 629 190 AUGUSTI
647 135 695 190 Er
715 134 850 190 TIBERII
868 133 964 190 IURIS
983 132 1162 189 consum

150 299 189 364 de
216 299 375 364 industria
396 299 437 364 ad
460 297 491 362 id
515 299 674 383 posuerit,
700 297 809 363 Labeo
838 298 885 362 ait
908 297 986 362 furti
1007 301 1041 361 te
1065 317 1161 382 agere

151 409 223 452 cum
252 387 395 452 debitore
422 408 518 472 posse
543 392 577 452 ot
599 387 639 452 ad
663 387 879 452 exhibendum
900 388 962 468 [ot,
990 387 1019 451 si
1042 390 1161 472 agento

149 481 183 540 te
210 476 372 541 contraria
398 475 613 561 pignoraticia
640 476 779 561 excipiat
807 475 935 541 debitor
960 475 999 538 de
1025 475 1162 560 pignore

149 563 213 630 sibi
235 564 371 649 reddito,
392 564 602 649 replicabitur
625 564 664 628 de
688 565 761 630 dolo
786 568 819 629 et
840 563 962 649 fraude,
984 584 1161 649 perquam

149 675 209 719 nec
222 653 392 738 redditum,
411 653 466 718 sed
480 675 537 739 per
550 654 713 719 fallaciam
728 654 874 718 ablatum
888 653 919 716 id
935 652 1162 738 intellegitur}

470 863 518 922 De
539 865 692 923 arboribus
714 865 840 924 coensis.

237 979 311 1046 174.
335 979 371 1046 D.
392 983 444 1067 47,
459 983 532 1065 7,1.
575 981 697 1047 Paulus
720 980 804 1046 libro
827 1003 915 1047 nono
938 982 978 1046 ad
1002 977 1160 1045 Sabinum

148 1069 197 1157 (P.
222 1068 334 1158 1803).
362 1108 404 1118 —
433 1069 467 1136 Si
499 1071 612 1134 furtim
644 1070 774 1136 arbores
806 1091 918 1135 caesae
946 1070 1026 1152 sint,
1058 1074 1091 1133 et
1119 1092 1160 1135 ex

146 1159 219 1246 lege
243 1159 377 1244 Aquilia
400 1164 495 1224 etex
519 1158 687 1224 duodecim
710 1160 893 1224 tabularum
917 1158 1056 1223 dandam
1080 1159 1158 1223 acti·

148 1270 243 1314 onem
261 1247 369 1313 Labeo
389 1248 443 1313 ait
480 1249 535 1312 sed
555 1247 726 1313 Trebatius
749 1249 796 1312 ita
818 1254 988 1332 utramque
1011 1247 1160 1329 dandam,

147 1342 184 1402 ut
212 1336 307 1401 iudex
335 1337 370 1401 in
397 1337 574 1421 posteriore
602 1337 739 1402 deducat
765 1336 798 1402 id
826 1337 913 1422 quod
940 1334 1096 1420 (actor?>
1119 1357 1159 1400 ex

147 1425 253 1510 prima
276 1429 466 1492 consecutus
490 1425 534 1490 sit
557 1430 589 1490 et
611 1426 735 1510 reliquo
761 1428 959 1491 condemnet.

236 1538 273 1597 ci.
296 1537 311 1596 I
328 1558 357 1614 p.
372 1539 446 1598 419.

238 1637 311 1722 175.
330 1638 368 1703 D.
383 1639 435 1721 47,
451 1640 479 1722 7,
494 1640 524 1720 3,
538 1639 581 1704 5“.
609 1637 771 1722 Ulpianus
785 1639 869 1702 libro
888 1637 1158 1722 quadragensimo

147 1728 286 1793 secundo
306 1729 346 1792 ad
365 1725 518 1792 Sabinum
534 1725 584 1815 (P.
596 1725 707 1815 2887).
722 1764 765 1775 -
780 1727 883 1792 Radix
903 1775 928 1791 ..
947 1727 1071 1791 arboris
1091 1748 1159 1791 non

146 1816 274 1882 videtur
297 1817 422 1882 arboris
446 1818 662 1902 appellatione
685 1814 856 1899 contineri,
884 1815 1030 1901 quamvis
1054 1813 1159 1882 adhuc

147 1909 235 1970 terra
265 1906 480 1988 contineatur,
509 1928 603 1989 quam
632 1907 822 1970 sententiam
847 1903 1007 1969 Labeo..
1031 1904 1158 1987 probat.

236 1995 309 2059 176.
332 1994 371 2059 D.
390 1993 466 2059 ibid.
485 1995 504 2075 ξ
523 1995 553 2060 6.
578 2029 616 2040 -
642 1993 751 2058 Labeo
781 1993 880 2058 etiam
909 2015 978 2057 eam
1008 1994 1158 2057 arborem

145 2088 231 2146 recte
254 2082 317 2147 dici
335 2086 439 2166 putat,
462 2105 543 2166 quae
563 2082 717 2147 subversa
736 2105 755 2148 a
773 2081 935 2146 radicibus
954 2081 1052 2146 etiam
1071 2103 1158 2147 nunc

145 2170 259 2254 reponi
291 2174 412 2254 potest,
445 2175 502 2235 aut
534 2192 615 2254 quae
645 2171 692 2237 ita
722 2170 883 2236 translata
915 2173 979 2253 eet,
1010 2175 1046 2234 ut
1078 2171 1158 2256 poni

141 2259 257 2344 possit.
1197 2280 1200 2286 ·

480 2377 531 2439 Aa
553 2380 641 2454 tepora
663 2377 823 2453 Aoutttom.

235 2500 309 2565 177.
331 2497 370 2563 D.
388 2498 418 2581 9,
434 2499 463 2583 2,
476 2498 507 2580 5,
521 2499 551 2563 2.
597 2495 757 2585 Ulpianus
785 2499 869 2563 libro
894 2502 1008 2564 octavo
1032 2498 1157 2564 docimo

144 2589 185 2654 ad
218 2588 357 2654 edictum
385 2585 434 2674 (P.
453 2587 556 2674 613⁰).
584 2623 626 2635 -
727 2589 924 2671 quaerimus,
957 2588 985 2652 si
1012 2587 1155 2652 furiosus

144 2678 297 2742 damnum
313 2676 444 2759 dederit,
464 2699 503 2741 an
521 2677 603 2761 legis
617 2676 769 2762 Aquiliae
785 2677 869 2742 actio
885 2678 935 2741 sit.
971 2723 1022 2741 ...
1041 2677 1156 2761 quodsi

143 2767 279 2852 inpubes
298 2767 331 2831 id
351 2766 472 2848 fecerit,
494 2765 603 2831 Labeo
626 2767 681 2849 ait,
704 2767 780 2851 quia
797 2765 874 2829 furti
893 2769 1029 2842 tenetur,
1052 2766 1156 2830 teneri

144 2860 177 2920 et
199 2855 332 2939 Aquilia
355 2877 438 2920 eum.

550 2945 598 3002 Aa
618 2953 701 3017 capot
720 2949 748 3002 I.

234 3050 307 3114 178.
335 3048 373 3113 D.
398 3049 450 3131 29,
469 3049 499 3130 5,
521 3051 549 3132 l,
570 3050 619 3113 17.
678 3046 837 3134 Ulpianus
875 3048 960 3113 libro
998 3047 1154 3133 quinqua-

143 3138 268 3222 gesimo
297 3137 336 3202 ad
364 3137 504 3203 edictum
528 3136 575 3224 (P.
599 3134 709 3225 1236).
732 3173 775 3185 -
798 3137 984 3203 Occisorum
1014 3137 1156 3221 appella·

142 3227 233 3292 tione
267 3248 321 3291 eoa
354 3227 510 3291 contineri
539 3226 647 3292 Labeo
681 3227 805 3309 scribit,
838 3228 893 3311 qui
921 3248 978 3311 per
1005 3227 1070 3290 vim
1099 3229 1155 3290 aut

6 3319 7 3328 ’
143 3314 273 3380 caedem
294 3319 370 3380 aunt
383 3315 554 3401 interfecti,
572 3320 609 3380 ut
625 3319 705 3400 puta
719 3317 899 3402 iugulatum
915 3315 1154 3400 strangulatum

144 3404 431 3488 praecipitatumve
459 3426 536 3477 saxo
564 3404 616 3470 vel
643 3405 730 3470 fuste
757 3406 808 3470 vel
836 3405 943 3489 lepide
966 3425 1155 3488 percussum

143 3492 195 3555 vel
219 3512 282 3574 quo
306 3493 369 3558 alio
392 3492 460 3558 telo
482 3497 639 3558 necatum.
