2506 3880
176 141 239 204 174
276 143 296 194 I.
320 138 469 194 AETATlS
487 137 646 193 AUGUSTI
663 139 711 193 ET
731 135 866 192 TIBERII
884 136 980 191 IURIS
1000 135 1185 192 CONSULTI
1240 199 1241 202 Ἴ

174 303 271 367 ‘uxori
313 326 397 366 meae
437 311 550 366 vestem
591 306 736 364 mundum
776 304 967 382 muliebrem,
1008 310 1193 366 ornamenta

174 397 286 471 omnia,
318 414 426 454 aurum
458 398 617 473 argentum
649 394 729 470 quod
760 393 824 453 eius
856 411 947 453 causa
973 393 1088 453 factum
1115 413 1191 471 par-

174 488 316 561 atumque
349 487 407 557 661,
440 502 525 544 omne
558 484 595 543 do
622 476 702 560 lego'
730 482 767 541 D.
783 484 834 560 32,
850 485 921 558 100,
937 483 965 540 2.
1016 477 1105 558 ‘quae
1134 503 1193 558 pe-

174 572 263 631 cunia
288 575 412 650 propter
439 591 561 632 uxorem
590 591 688 630 meam
716 571 754 630 ad
781 572 933 631 mevenit
957 570 1193 648 quinquaginta,

173 662 349 720 tantundem
376 680 430 736 pro
454 679 490 720 aa
517 661 586 721 dcte
614 661 702 720 heres
729 678 814 719 meus
841 652 923 719 dato'
947 659 982 718 D.
999 661 1050 736 33,
1064 662 1095 736 4,
1110 662 1191 737 sspr.

174 744 312 809 ‘fundum
335 748 545 809 Cornelianum
569 767 658 825 quem
681 749 735 807 illc
757 747 832 806 mihi
855 747 919 808 doti
937 747 1027 826 dedit,
1051 748 1078 807 61
1096 748 1192 811 heres

175 833 258 897 dato'
279 839 316 897 D.
333 841 383 912 35,
401 842 428 915 1,
442 840 494 915 40,
508 839 539 896 4.
580 831 695 896 ‘Attice
719 837 812 897 donec
838 836 941 912 nubat,
964 836 1193 914 quinquaginta

174 927 297 987 demnas
325 929 389 987 esto
418 927 503 985 heres
526 945 610 985 meus
635 919 717 984 dare'
739 924 776 984 D.
792 927 843 1002 33,
860 928 887 1003 1,
904 928 998 1002 17pr.
1048 921 1191 1002 pupillae

173 1016 308 1094 legatum
331 1020 377 1075 661
401 1011 589 1092 ‘quandoque
612 1009 761 1091 nupserit'
783 1014 819 1073 D.
836 1006 886 1092 36,
903 1015 930 1091 2,
946 1016 995 1074 30.
1040 1015 1091 1090 qui
1113 1033 1190 1075 con·

173 1105 312 1164 cubinam
339 1103 481 1180 habebat,
509 1104 537 1162 61
564 1106 678 1163 vestem
705 1103 814 1178 prioris
836 1103 1017 1163 concubinae
1039 1102 1190 1164 utendam

172 1194 308 1271 dederat,
346 1193 451 1252 deinde
487 1193 531 1251 ita
566 1192 681 1270 legavit
717 1185 843 1252 ‘vestem
878 1211 954 1268 quae
991 1191 1056 1250 eius
1093 1210 1191 1253 causa

172 1286 274 1358 empta
305 1285 414 1358 parate
440 1274 496 1340 est'
524 1280 561 1341 D.
582 1283 748 1358 361961.
798 1274 926 1340 ‘fr-nctus
954 1298 1068 1339 annuos
1095 1281 1189 1340 fundi

173 1371 343 1432 Corneliani
370 1369 478 1429 Publio
505 1369 621 1429 Maevio
654 1370 691 1429 do
721 1363 800 1446 lego'
827 1369 865 1430 D.
887 1371 937 1445 33,
958 1370 986 1445 2,
1005 1371 1057 1428 41.
1107 1362 1188 1429 ‘vini

174 1460 302 1537 Falerni,
326 1461 406 1535 quod
430 1458 510 1518 domi
532 1459 675 1535 nascitur,
698 1458 860 1534 quotannis
883 1458 914 1516 in
933 1475 1026 1516 annos
1045 1456 1188 1533 singulos

132 1605 136 1616 ,
175 1549 261 1608 binos
298 1550 399 1609 culeos
435 1549 522 1607 heres
558 1565 643 1606 meus
675 1547 760 1607 Attio
792 1539 876 1606 dato'
908 1546 944 1604 D.
965 1547 1015 1623 23,
1036 1548 1063 1622 1,
1084 1548 1186 1622 1761.

173 1632 298 1715 ‘quanta
320 1637 448 1712 pecunia
470 1655 506 1695 ex
528 1636 695 1695 hereditate
721 1635 793 1694 Titii
817 1637 854 1694 ad
880 1653 928 1694 me
946 1634 1092 1710 pervenit,
1114 1637 1188 1695 tan·

172 1730 235 1784 tam
262 1727 422 1802 pecuniam
447 1726 533 1786 heres
556 1743 642 1785 meus
665 1724 750 1784 Seiae
772 1718 855 1783 dcto'
878 1723 913 1783 D.
930 1726 981 1800 32,
996 1724 1046 1782 29,
1092 1715 1188 1799 ‘quas

172 1817 313 1891 pecunias
335 1816 443 1891 cuique
471 1814 584 1892 legavi,
617 1831 667 1872 eas
694 1814 780 1872 heres
807 1829 904 1890 meus,
937 1812 962 1872 si
989 1812 1086 1869 mater
1112 1830 1186 1872 mea

172 1906 313 1980 moritur,
342 1898 425 1962 datc'
452 1902 487 1962 D.
504 1906 553 1978 35,
575 1906 603 1978 1,
622 1904 675 1976 40,
691 1904 719 1962 2.
768 1902 799 1959 in
827 1903 1007 1960 testamento
1035 1901 1187 1976 scriptum

172 1996 239 2050 erat
263 1986 309 2050 ‘ut
332 1991 445 2068 aliquid
468 1992 500 2050 in
522 1992 586 2051 foro
609 1983 675 2049 fiat'
697 1992 732 2049 D.
748 1992 799 2065 35,
816 1992 843 2067 1,
859 1992 909 2067 39,
926 1992 953 2048 1.
1000 1982 1037 2048 ‘si
1060 1987 1185 2050 Stichus

173 2083 205 2139 et
228 2079 323 2138 Dama
350 2081 430 2141 servi
456 2079 515 2137 mei
541 2080 573 2138 in
595 2081 746 2155 potestate
769 2097 835 2137 mea
858 2081 947 2137 amnt
969 2096 1037 2138 cum
1059 2077 1185 2158 moriar,

171 2169 236 2227 tum
260 2167 379 2227 Stichus
408 2171 439 2226 61
460 2167 556 2225 Dama
583 2167 672 2226 liberi
699 2169 788 2226 sunto
811 2169 842 2225 61
863 2166 991 2226 fundum
1012 2166 1099 2224 illum
1122 2167 1185 2227 sibi

171 2249 313 2316 habento'
336 2256 373 2315 D.
389 2257 439 2332 32,
455 2257 506 2331 29,
520 2257 549 2314 4.
595 2249 711 2314 ‘Sticho
742 2273 827 2315 servo
849 2274 915 2315 meo
938 2255 1025 2314 heres
1048 2254 1185 2332 quinque

171 2346 242 2404 dato
267 2347 310 2419 61,
342 2345 367 2404 61
391 2344 510 2403 Stichus
538 2344 640 2403 heredi
662 2362 727 2404 meo
751 2342 904 2403 biennium
927 2343 1076 2419 servierit,
1103 2342 1186 2403 liber

171 2427 247 2494 esto'
271 2433 308 2493 D.
324 2435 375 2510 32,
390 2434 441 2510 30,
456 2435 484 2492 2.
531 2427 662 2492 ‘Stichus
690 2431 767 2491 liber
790 2436 867 2509 esto,
895 2432 1012 2510 quando
1035 2449 1084 2490 aes
1107 2431 1184 2490 alie·

172 2542 244 2582 num
271 2541 372 2582 meum
395 2522 529 2582 solutum
552 2520 786 2581 creditoribusve
809 2521 883 2580 meis
902 2521 1091 2581 satisfactum
1109 2515 1183 2580 erit'

170 2612 207 2672 D.
221 2613 273 2688 40,
290 2613 318 2689 7,
334 2614 384 2686 39,
401 2614 429 2670 1.
466 2606 606 2670 ‘Calenus
625 2609 812 2687 dispensator
829 2629 923 2689 meus,
942 2609 967 2668 si
985 2609 1116 2669 rationes
1136 2608 1185 2668 di·

171 2702 301 2778 ligenter
329 2703 473 2760 tractasse
501 2699 667 2777 videbitur,
694 2699 771 2758 liber
798 2702 862 2758 esto
890 2716 1002 2776 suaque
1026 2698 1125 2758 omnia
1149 2703 1184 2759 61

171 2794 291 2850 centum
318 2783 439 2848 habeto’
467 2787 502 2846 D.
521 2791 573 2863 40,
596 2792 624 2865 7,
643 2790 693 2847 21.
740 2782 888 2862 ‘Lucium
906 2787 1020 2847 Titium
1046 2788 1183 2846 tutorem

170 2878 218 2938 do.
261 2878 286 2936 ei
313 2876 339 2937 ie
366 2895 426 2936 non
453 2876 542 2953 vivit,
573 2879 639 2934 tum
664 2876 773 2934 Gaium
794 2874 948 2934 Plautium
974 2877 1105 2935 tutorem
1129 2871 1184 2935 do'

169 2967 205 3026 n.
221 2969 271 3038 16,
288 2967 316 3041 6,
331 2967 382 3025 aa.

258 3053 397 3113 Aliorum
432 3071 550 3130 quoque
589 3053 777 3130 negotiorum
814 3051 896 3129 leges
936 3051 1181 3127 interpretandas

170 3143 340 3221 proposuit,
371 3141 508 3218 inprimis
545 3141 702 3217 emptionis
739 3139 918 3202 venditionis
956 3144 987 3201 61
1021 3141 1182 3202 locationis

171 3231 389 3292 conductionis:
418 3225 546 3290 ‘listulas
574 3230 702 3307 emptori
729 3247 898 3290 accessuras
920 3229 952 3289 in
974 3230 1041 3308 lege
1064 3229 1183 3289 dictum

170 3315 246 3378 eret’
279 3320 316 3380 D.
338 3321 388 3397 18,
409 3324 436 3396 1,
458 3321 498 3379 78
509 3340 552 3396 pr.
607 3339 699 3379 manu
731 3321 797 3378 6616
828 3318 860 3378 in
891 3317 1061 3379 venditione
1092 3317 1183 3379 fundi

170 3408 359 3483 excipiuntur
392 3410 426 3469 D.
452 3410 502 3486 18,
522 3412 551 3488 1,
570 3411 612 3470 80
622 3429 665 3484 pr.
720 3409 873 3467 frumenta
905 3425 981 3485 quae
1013 3407 1045 3466 in
1076 3407 1182 3467 herbis

170 3499 255 3554 erant
296 3515 365 3555 cum
405 3498 603 3575 vendidisses,
645 3497 748 3557 dixisti
789 3500 833 3574 te,
875 3495 900 3555 si
941 3495 1013 3572 quid
1053 3495 1084 3554 vi
1123 3500 1184 3557 aut
