2580 3888
426 201 450 248 2.
474 192 658 248 Masculus
678 193 831 248 SABINUS
1071 193 1138 257 345

9 353 10 356 ¹
128 360 238 422 Sabino
328 380 382 420 nos
402 361 534 420 eiusdem
555 361 657 420 Sabini
675 361 823 421 veriorem
841 362 1019 422 sententiam
1039 362 1139 421 existi-

126 453 243 510 mantes
267 495 274 508 .
294 495 300 508 .
321 496 327 509 .
352 469 505 509 censemus
530 444 602 510 ...'
652 449 699 510 HI
721 450 751 509 k.
773 449 851 526 Aug.
881 443 926 531 (Ο.
953 453 985 526 6,
1005 453 1061 526 24,
1083 443 1140 532 14)

128 533 217 600 ‘Cum
234 539 265 597 in
285 539 371 598 libris
389 537 520 614 Ulpiani,
540 556 615 616 quos
634 539 672 597 ad
690 539 871 598 Massurium
886 539 1030 600 Sabinum
1047 541 1139 615 scrip·

127 628 181 700 sit,
204 628 274 686 talis
298 629 410 704 species
434 629 530 686 relata
553 630 612 704 est,
637 628 713 687 banc
736 628 872 703 apertius
895 627 1031 704 expedire
1054 629 1139 688 nobis

124 717 223 776 visum
246 711 314 776 cst'.
354 717 410 775 XV
427 717 455 778 lr.
475 717 550 777 Nov.
571 707 618 798 (O.
638 719 666 792 3,
681 719 733 794 33,
749 707 806 798 17)
835 710 892 774 ‘Ex
914 717 999 775 libris
1022 716 1138 776 Sabini·

127 806 192 864 anis
215 807 350 882 quaestio
373 804 461 866 nobis
482 807 579 864 relata
602 810 657 881 est,
681 825 735 880 per
758 825 848 883 quam
872 805 1138 866 dubitabatur

126 897 156 955 41
183 894 250 954 ideo
274 890 444 955 sancimus'.
485 894 528 953 XI
546 895 575 953 lr.
593 894 669 954 Nos.
689 887 736 976 (Ο.
757 897 853 972 3,34,
870 889 925 972 14)
953 887 1041 952 ‘Cum
1068 895 1140 953 talis

126 983 262 1060 quaestio
285 985 317 1044 in
339 985 425 1045 libris
450 983 619 1043 Sabinianis
642 984 819 1043 vertebatur
839 1028 899 1060 ...,
922 982 1008 1042 nobis
1027 983 1141 1058 placuit

124 1073 169 1132 ita
198 1091 321 1132 causam
350 1073 489 1133 dirimere
519 1066 588 1154 ut').
634 1073 670 1131 K.
690 1074 765 1134 Nov
786 1064 832 1154 (0.
854 1075 882 1149 6,
897 1073 949 1146 40,
965 1073 993 1149 3,
1010 1075 1027 1130 2
1059 1066 1141 1146 ‘quia

127 1162 208 1238 apud
234 1161 435 1238 Ulpianum
426 1182 458 1220 m
484 1163 570 1221 libris
600 1161 807 1221 Sabinianis
799 1161 966 1222 invenimus
995 1161 1141 1327 quaedam

125 1251 230 1322 verba,
262 1269 338 1325 quae
366 1251 513 1342 effugiunt
540 1251 616 1327 legis
644 1251 795 1310 miscellae
824 1249 1108 1311 observationem..

126 1332 297 1398 sancimus'.

215 1426 252 1485 In
269 1426 335 1486 Iust
336 1427 516 1486 itutionibus
540 1446 657 1504 quoque
676 1447 734 1487 non
754 1428 842 1486 modo
861 1427 1040 1504 praecipuae
1058 1430 1139 1486 vete·

44 1589 47 1595 ,
127 1535 194 1575 rum
223 1515 433 1588 dissensiones,
462 1515 512 1573 sed
541 1516 631 1574 etiam
659 1517 805 1575 nonnulla
833 1516 930 1576 stricti
958 1517 1032 1575 iuris
1055 1534 1140 1591 prae-

127 1606 216 1679 cepta
242 1605 414 1663 abolentur:
442 1603 482 1679 ΙΙ,
499 1608 526 1681 l,
543 1605 582 1663 25
612 1598 692 1678 ‘post
718 1605 830 1663 multas
859 1603 1087 1664 Sabinianorum
1111 1608 1142 1664 et

127 1693 375 1752 Proculianorum
394 1692 605 1769 ambiguitates
624 1693 738 1768 placuit
756 1693 855 1751 media
874 1693 1023 1752 sententia
1042 1693 1141 1752 existi·

128 1776 298 1841 mentium’.
342 1781 381 1855 H,
402 1783 452 1857 20,
473 1783 513 1842 36
548 1775 672 1857 ‘poenae
700 1799 818 1858 quoque
846 1781 966 1840 nomine
993 1782 1142 1841 inutiliter

126 1870 286 1949 legabatur
300 1915 308 1931 .
323 1916 330 1930 .
346 1917 352 1930 .
366 1889 421 1929 neo
440 1889 476 1928 ex
492 1871 598 1930 militis
618 1870 738 1946 quidem
755 1873 937 1929 testamento
952 1870 1026 1929 talia
1039 1872 1143 1949 legata

126 1961 339 2020 valebant...
360 1979 393 2019 eo
415 1959 544 2034 amplius
563 1978 617 2019 nec
636 1960 775 2019 heredem
793 1977 906 2034 poenae
924 1959 1044 2020 nomine
1063 1959 1142 2019 adici

126 2067 214 2125 posse
242 2048 370 2109 Sabinus
398 2048 674 2109 existimabat...
698 2051 730 2107 41
757 2047 931 2108 huiusmodi
961 2049 1140 2124 scrupulosi·

127 2142 175 2197 tas
207 2138 292 2197 nobis
324 2156 384 2197 nou
415 2137 530 2213 placuit
560 2140 591 2197 et
619 2139 799 2216 generaliter
908 2133 1141 2198 constituimus'.

126 2227 181 2299 HI,
198 2229 283 2302 23,2
308 2221 450 2302 ‘pretium
473 2228 505 2285 in
527 2232 685 2286 numerata
706 2227 833 2303 pecunia
856 2227 1019 2287 consistere
1044 2228 1143 2288 debet.

127 2334 198 2373 nam
225 2315 256 2373 in
285 2316 390 2375 ceteris
417 2318 507 2375 rebus
536 2335 573 2375 44
602 2316 731 2391 pretium
760 2333 824 2374 esse
851 2315 947 2391 possit
966 2363 971 2376 .
988 2362 994 2375 .
1010 2359 1027 2394 .,
1052 2317 1141 2377 valde

129 2405 338 2479 quaerebatur.
363 2405 490 2464 Sabinus
505 2408 536 2463 et
549 2403 704 2464 Cassius..
716 2407 841 2480 ,putant
854 2422 941 2480 posse
953 2451 959 2463 .
971 2451 978 2465 .
988 2451 994 2464 .
1005 2405 1140 2466 diversae

129 2493 247 2551 scholae
271 2498 408 2552 auctores
432 2497 537 2552 contra
556 2492 725 2552 sentiebant
743 2492 886 2568 aliudque
905 2511 968 2552 esse
988 2495 1140 2553 existima·

127 2581 201 2641 bant
233 2581 483 2656 permutationem
515 2600 628 2656 rerum,
661 2580 743 2638 aliud
773 2580 952 2655 emptionem
980 2584 1011 2640 et
1038 2583 1140 2641 vendi-

126 2670 287 2730 tionem..
304 2670 381 2728 .sed
407 2669 529 2728 Proculi
561 2671 678 2727 sentent
665 2669 709 2727 tia
736 2667 834 2726 dicent
836 2667 862 2726 is
889 2669 1141 2742 permutationem

127 2759 281 2835 propriam
304 2777 368 2816 esse
392 2759 519 2833 speciem
542 2760 714 2816 contractus
738 2775 756 2815 a
778 2755 949 2817 venditione
971 2760 1141 2832 separatam

127 2849 235 2908 merito
258 2847 498 2923 praevaluit...
500 2841 607 2923 '.,III
623 2841 741 2922 24,41
743 2846 818 2905 item
841 2846 1005 2922 quaeritur,
1029 2847 1054 2904 si
1073 2855 1153 2905 cum'

173 2940 306 2996 .utrum
339 2935 450 3011 emptio
483 2939 514 2994 et
544 2892 656 2994 vendit
635 2940 677 2994 tro
710 2955 749 2994 44
781 2931 892 2995 1444114
921 2937 952 2993 41
983 2935 1142 2994 conductio

128 2983 266 3086 contrahi
297 3025 444 3086 videatur.
500 3023 619 3084 Cassius
654 3025 698 3084 ait
685 3025 874 3084 tmateriae
906 3024 1027 3100 quidem
1059 3043 1140 3099 emp·

128 3115 240 3174 tionem
262 3114 351 3174 vendi
353 3113 465 3174 tionem
488 3119 556 3174 cont
544 3113 637 3188 trahi,
661 3133 767 3188 operae
787 3133 827 3171 au
828 3118 889 3171 tem
910 3113 989 3172 locat
976 3113 1088 3171 tionem
1111 3116 1144 3172 et

129 3203 365 3264 conductionem
411 3205 461 3262 sed
488 3203 604 3279 placuit
630 3160 748 3261 tantum
777 3202 957 3276 emptionem
987 3201 1140 3260 4144411-

127 3292 241 3351 tionem
260 3295 328 3351 cont
315 3286 415 3351 trahi'.
448 3284 565 3372 (Gaius,
589 3309 624 3349 ex
643 3290 727 3350 cuius
746 3290 818 3349 Inst
840 3292 947 3367 3,147
968 3289 1141 3349 Triboniani

129 3381 282 3440 adiutores
309 3381 382 3440 haec
409 3385 461 3456 pet
448 3380 575 3456 tierunt,
603 3379 734 3455 scripsit.
765 3335 967 3454 ‘plerisque
990 3373 1140 3459 placuit'.)

128 3463 397 3546 ΙΠ,26,614(144
421 3469 539 3528 14441
516 3472 560 3527 1ta
583 3471 661 3546 sunt,
685 3470 720 3526 ut
741 3467 911 3543 quaesitum
930 3468 978 3544 411,
1002 3487 1040 3528 44
1057 3488 1140 3528 man-

128 3558 193 3618 dati
215 3560 353 3618 teneatur
376 3557 428 3634 qui
451 3558 604 3619 mandavit
626 3557 697 3634 tibi,
720 3560 756 3616 ut
779 3556 858 3617 Titio
881 3558 1037 3633 pecuniam
1060 3558 1141 3618 fene·
