2580 3888
433 168 457 218 2.
480 161 664 218 MASURIUS
684 163 836 219 SABINUS
1076 165 1138 228 361

130 348 176 411 pu
176 327 282 390 ttate
268 325 385 391 tillud
410 327 513 390 solum
534 325 840 409 observandum&
804 330 849 409 ut,
872 326 934 392 nisi
957 328 991 392 in
1015 330 1142 392 contra·

131 415 216 478 rium
230 415 262 478 id
280 420 386 479 actum
402 416 445 480 sit
432 413 652 498 temnimodc
667 416 829 500 integrum
844 420 953 500 praest
955 438 1002 480 arr
993 416 1141 481 debeat

156 504 285 586 ..quod
310 505 375 568 et
310 524 399 568 ern
423 466 518 569 lticat
495 509 537 567 tis
561 503 655 567 doliis
675 511 782 587 praest
770 502 902 568 tandum
921 502 1074 571 Sabinum
1094 528 1140 590 rc-

131 551 302 676 spondisse
320 591 470 657 Minicius
494 591 601 657 refert.

535 775 582 834 De
603 777 676 834 socie
677 779 742 834 tate.

222 895 274 960 32.
306 893 412 979 D,17,
432 895 462 974 2,
481 895 534 979 52,
554 894 605 958 18.
654 893 744 958 Idem
773 892 831 978 (sc.
858 891 1032 979 Ulpianus)
1059 895 1145 960 libro

134 982 325 1067 trigensimo
356 984 462 1068 primo
494 985 534 1048 ad
563 983 701 1048 edictum
730 982 780 1070 (P.
799 980 888 1070 923).
915 1020 960 1030 -
1058 984 1144 1067 apud

135 1077 258 1136 veteres
281 1076 450 1155 tractatur,
475 1095 516 1137 an
540 1073 644 1137 socius
664 1073 807 1137 omnium
827 1073 994 1156 bonorum,
1017 1073 1142 1156 siquid

136 1161 177 1226 ob
196 1161 386 1226 iniuriarum
406 1163 565 1227 actionem
585 1161 756 1226 damnatus
776 1161 983 1246 praestiterit,
1002 1184 1041 1225 ex
1060 1169 1144 1225 com'-

136 1251 224 1313 muni
253 1256 467 1335 consequatur
494 1254 531 1314 ut
553 1255 706 1333 praestet.
753 1257 786 1317 et
808 1251 981 1316 Atilicinus
1006 1248 1144 1315 Sabinus

136 1336 268 1404 Cassius
290 1338 540 1423 responderunt,
569 1339 598 1403 si
619 1340 738 1404 iniuria
759 1340 873 1405 iudicis
898 1340 1068 1403 damnatus
1093 1340 1145 1422 sit,

136 1431 394 1511 consecuturum,
422 1428 450 1492 si
474 1428 514 1492 ob
539 1427 732 1492 maleficium
756 1451 865 1512 suum,
887 1428 994 1513 ipsum
1017 1431 1145 1492 tantum

135 1515 288 1579 damnum
312 1517 429 1580 sentire
453 1516 578 1582 debere.

546 1698 593 1756 Dc
609 1699 731 1772 peculia

225 1818 277 1882 33.
300 1815 338 1880 D.
356 1816 516 1898 15,1,47,
534 1817 561 1882 1.
597 1816 687 1881 Idem
707 1813 765 1903 (sc.
778 1814 912 1903 Paulus)
931 1818 1014 1883 libro
1030 1823 1144 1902 quarto

136 1905 178 1972 ad
197 1904 359 1970 Plautium
380 1904 429 1991 (P.
447 1906 556 1990 1001).
577 1943 619 1952 —
640 1904 776 1972 Sabinus
795 1907 962 1991 respondit
980 1928 1045 1972 non
1065 1908 1146 1971 alias

137 1994 275 2059 dandam
299 1995 337 2059 de
360 1995 488 2079 peculio
514 1997 673 2060 actionem
694 1996 727 2059 in
746 1995 917 2077 dominum,
941 2018 1014 2061 cum
1033 2017 1145 2060 servus

134 2083 356 2237 (iggiipss'iippgp
374 2084 437 2148 uisi
455 2085 488 2148 in
506 2107 575 2149 rem
594 2085 716 2149 domini
736 2089 793 2150 aut
812 2087 853 2151 ob
868 2107 935 2150 rem
950 2085 1145 2169 peculiarem

556 2295 603 2353 De
624 2297 722 2369 furtis.

226 2412 277 2477 34.
313 2412 351 2478 D.
370 2414 422 2494 47,
441 2416 471 2496 2,
490 2414 542 2495 42,
563 2416 591 2478 1.
640 2411 760 2478 Paulus
794 2414 879 2478 libro
907 2436 992 2478 nono
1021 2414 1060 2477 ad
1090 2411 1146 2476 Sa·

136 2500 249 2566 binum
272 2500 321 2585 (P.
338 2500 514 2587 1799).—
472 2501 703 2565 —Interdum
732 2505 765 2565 et
792 2503 1007 2566 manumissus
1035 2501 1146 2584 etqui

136 2611 210 2655 eum
242 2590 443 2669 manumisit,
415 2590 516 2654 tob
548 2588 616 2653 furt
602 2594 681 2653 tum
704 2592 793 2653 tenet
779 2593 845 2673 tur,
874 2591 902 2653 si
933 2589 1006 2653 ideo
1033 2611 1147 2653 manu·

134 2679 232 2763 misit,
255 2702 296 2743 ne
319 2679 398 2743 furti
421 2700 492 2743 cum
516 2699 553 2743 eo
577 2678 632 2764 agi
653 2679 766 2779 possit.
743 2677 901 2741 tsed
876 2700 904 2741 s1
923 2699 995 2741 cum
1015 2678 1147 2741 dominc

135 2773 187 2834 act
188 2731 243 2832 urir
266 2767 379 2850 fuerit,
408 2767 479 2869 ipso
502 2767 571 2831 iure
595 2765 829 2832 manumissum
852 2765 984 2831 liberari
1008 2763 1147 2830 Sabinus

134 2856 312 2943 respondit,
336 2857 428 2940 quasi
452 2857 594 2921 decisum
619 2857 671 2920 sit.

516 3050 563 3108 De
585 3051 766 3112 condictione.

225 3169 277 3236 35.
301 3168 340 3234 D.
359 3170 409 3252 12,
423 3168 453 3251 5,
467 3170 545 3251 4pr.
578 3167 737 3252 Ulpianus
757 3168 841 3232 libro
860 3166 1036 3232 vicensimo
1055 3168 1149 3229 sexto

135 3257 177 3324 ad
206 3258 344 3324 edictum
369 3256 417 3344 (P.
434 3254 521 3344 773).
545 3293 589 3304 -
612 3306 619 3322 .
639 3305 647 3320 .
671 3256 699 3320 si
728 3257 769 3321 ob
793 3259 939 3339 stuprum
962 3255 1074 3321 datum
1098 3256 1148 3338 sit,

134 3347 187 3412 vel
224 3347 251 3411 si
283 3348 356 3430 quis
389 3347 423 3411 in
456 3346 613 3410 adulterio
646 3344 862 3429 deprehensus
894 3345 1068 3410 redemerit
1100 3365 1150 3430 se3

136 3439 244 3501 cessat
270 3436 355 3500 enim
383 3435 551 3520 repetitio,
582 3434 678 3518 idque
707 3431 846 3498 Sabinus
874 3437 907 3498 et
929 3433 1072 3519 Pegasus
1100 3455 1149 3498 re·

135 3523 344 3608 sponderunt.
