2568 3890
430 231 455 281 8.
480 225 508 282 0.
526 225 659 280 ATEIUS
678 226 808 281 CAPITO
1057 225 1123 290 261.

114 385 240 454 curiata
263 409 320 472 per
343 388 489 454 lictorem
514 390 673 453 curiatum
694 389 804 473 calari,
828 389 859 452 id
879 392 929 454 est
947 390 1125 475 convocari,

113 477 295 542 centuriata
317 499 375 560 per
397 479 602 543 cornicinem.

203 596 268 657 Hoc
287 597 491 676 fragmentum
510 599 640 658 fortasse
658 598 734 658 iuris
752 598 899 674 pontificii
917 599 1003 658 libris
1019 593 1125 678 (supra

112 707 142 764 p.
159 688 201 746 74
213 678 291 766 sqq.)
316 686 547 746 adtribuendnm
573 693 646 747 erat.

613 841 630 905 ⁶?

207 946 280 1014 188.
303 897 388 1012 Fest.
407 971 437 1031 p.
452 944 542 1012 2531.
568 984 606 995 -
632 947 742 1031 <Pube
765 947 973 1032 prae>sent<i
996 953 1047 1012 est
1069 971 1125 1032 po-

117 1036 194 1121 pulo
228 1040 409 1120 praesente,
442 1037 706 1122 συνενδοχικῶς)
738 1037 778 1102 ab
806 1037 878 1119 <his
906 1036 961 1121 qui
988 1039 1125 1122 puberes

118 1129 203 1210 sunt,
226 1147 354 1190 omnem
377 1126 533 1211 populum
556 1125 785 1210 signifi>ean<s
803 1126 912 1210 —>

206 1245 406 1305 Reitzenstein
429 1246 449 1305 l.
468 1265 492 1306 c.
515 1266 543 1323 p.
560 1248 611 1307 54.
631 1303 633 1309 ,

205 1493 342 1571 Denique
369 1497 489 1570 praeter
516 1495 685 1572 propositas
711 1496 875 1556 sententias
903 1495 978 1554 alias
1006 1513 1126 1572 quoque

118 1585 149 1643 in
163 1583 323 1643 Iustiniani
338 1583 466 1660 Digesta
480 1584 542 1644 sine
557 1585 688 1644 auctoris
706 1585 825 1644 nomine
844 1588 979 1660 receptas
993 1583 1126 1644 Labeoni

117 1673 252 1732 tribuere
266 1673 395 1732 fortasse
410 1672 488 1731 licet.
519 1673 609 1733 huius
623 1674 740 1751 generis
755 1674 792 1736 A.
802 1673 924 1733 Pernice
938 1674 969 1742 iu
984 1675 1126 1751 tractatu,

119 1761 171 1840 qui
192 1766 238 1821 est
257 1761 293 1820 de
307 1760 436 1836 Ulpiano
451 1762 596 1838 scriptore
611 1755 901 1844 (Sitaungsberichte
921 1762 972 1821 der
987 1761 1082 1820 Akad.
1098 1762 1127 1821 d.

118 1850 299 1910 Wissensch.
314 1849 417 1909 Berlin
434 1853 517 1912 1885
539 1851 566 1911 S.
582 1855 657 1929 477,
672 1854 705 1927 3;
724 1853 842 1929 480,4,
862 1853 936 1930 481,
953 1857 984 1928 13
1004 1853 1078 1926 482,
1088 1842 1124 1932 4)

118 1941 173 1999 has
193 1958 256 1999 esse
274 1938 399 1998 iudicat:
422 1939 458 1998 D.
475 1942 503 2017 2,
516 1942 564 2012 13,
575 1942 605 2018 4,
621 1944 654 2016 33
674 1943 724 2018 21,
736 1943 765 2016 2,
779 1947 813 2000 11
827 1961 885 2018 pn,
905 1943 956 2019 43,
974 1943 1024 2018 19,
1041 1941 1124 2018 1,’12

120 2022 258 2111 (propter
280 2029 301 2087 1.
316 2019 418 2110 3pr.);
442 2030 493 2104 44,
508 2030 539 2104 4,
554 2033 583 2106 4,
598 2031 628 2088 4.

207 2117 264 2188 Qui
282 2117 451 2177 Labeonem
471 2118 507 2177 de
526 2118 613 2178 fastis
633 2117 794 2193 (Wissowa
810 2119 845 2178 de
859 2118 1004 2178 Macrobii
1020 2117 1127 2177 Satur·
1184 2131 1210 2146 ‘

119 2206 267 2266 naiicrum
288 2206 421 2266 fontibus
443 2208 528 2267 1880
546 2227 575 2282 p.
592 2209 631 2267 28
644 2226 685 2284 sq.
723 2208 760 2267 cf.
780 2207 873 2267 Kahl:
897 2207 1004 2266 Philol.
1024 2207 1128 2285 Suppl.

118 2297 146 2354 V
163 2293 254 2373 728),
281 2295 320 2354 ad
347 2295 444 2373 legem
467 2295 579 2354 Iuliam
601 2300 632 2355 et
654 2297 777 2372 Papiam
799 2296 968 2372 Poppaeam
991 2290 1127 2375 (Pernice

117 2385 188 2445 166
201 2404 253 2462 sq,
265 2383 413 2444 'Karlowa
430 2384 446 2443 I
462 2386 534 2458 683,
553 2385 641 2444 Joers
659 2385 844 2462 Realencycl.
859 2406 887 2461 p.
904 2379 1004 2466 2551)
1023 2385 1071 2445 vel
1091 2385 1128 2444 ad

117 2474 215 2551 legem
240 2473 348 2532 Iuliam
377 2473 413 2532 de
440 2472 598 2533 adulteriis
621 2473 774 2549 scripsisse
794 2466 895 2555 (Joers
918 2474 938 2533 l.
953 2466 992 2554 c.)
1016 2475 1128 2547 dicunt,

118 2581 221 2622 eorum
245 2562 431 2622 coniecturae
455 2562 570 2621 idoneis
593 2557 794 2621 fundamentis
818 2565 932 2639 carent,
955 2580 1051 2638 neque
1075 2567 1129 2637 est,

119 2653 198 2729 qnod
224 2669 299 2728 quae
321 2650 450 2711 Macrcb.
471 2654 525 2710 sat.
548 2653 575 2728 1,
591 2653 642 2726 16,
657 2651 698 2709 29
723 2654 753 2709 et
776 2650 850 2726 Lyd.
875 2650 910 2708 de
933 2668 1025 2708 mens.
1040 2653 1069 2726 4,
1085 2652 1127 2710 20

11 2813 12 2820 ,
117 2741 274 2819 leguntur,
302 2759 369 2798 cum
391 2739 541 2799 Wissowa
563 2739 582 2798 l.
602 2757 626 2798 e.
673 2737 809 2798 Cornelio
838 2737 1043 2797 abiudieemua
1067 2737 1129 2796 An-

117 2830 263 2907 tisticque
286 2826 464 2888 tribuamus.

238 3175 278 3258 8.
316 3180 353 3254 Ο.
380 3180 554 3254 ATEIUS
583 3181 623 3252 L.
647 3181 685 3252 F.
709 3181 749 3252 L.
774 3183 818 3254 N.
843 3180 1014 3254 ΟΑΡΙΤΟ

208 3344 264 3386 avc
283 3325 456 3385 centurione
475 3323 608 3398 Sullano,
627 3327 714 3400 patre
733 3325 892 3403 praetorio,
910 3344 969 3385 non
989 3323 1019 3384 O.
1039 3323 1129 3384 Ateio

117 3407 150 3494 (Ι
165 3410 258 3492 269),
287 3433 313 3473 a.
340 3407 455 3493 73757
482 3413 637 3474 Octaviani
660 3413 746 3473 iussu
767 3413 906 3473 ludorum
931 3413 1130 3474 saecularium

117 3505 202 3580 leges
230 3504 408 3581 composuit,
437 3522 462 3561 a.
487 3497 580 3583 758βό
611 3521 669 3564 cos.
698 3502 778 3580 suffi,
805 3503 874 3562 inde
902 3523 938 3563 ex
966 3523 992 3565 a.
1013 3497 1128 3582 766113

117 3611 214 3670 usque
238 3593 274 3650 ad
299 3592 452 3651 decessum
476 3611 501 3651 a.
523 3587 637 3652 775122
663 3596 785 3652 curator
808 3611 961 3669 aquarum.
