2568 3890
151 138 216 202 272
253 140 273 192 l.
297 135 451 191 AETATIS
469 134 627 191 AUGUSTI
645 133 692 188 ET
711 134 848 190 TIBERII
865 133 963 189 mals
982 133 1164 190 CONSULTI

154 308 260 365 siaben
286 305 317 362 M
344 305 422 383 folgi
449 305 504 363 aas
528 304 576 363 die
604 321 659 362 aus
686 302 857 362 demselben
885 297 968 384 (dem
991 302 1084 361 Werlr
1113 303 1166 363 des

153 387 309 471 Messalla)
333 397 561 453 eninommenen
581 390 706 453 Glossen
725 392 754 452 S.
776 395 848 468 161,
864 395 906 452 30
929 393 1074 467 MaJ'orem
1097 391 1166 452 con·

155 483 250 542 sulem
273 483 306 542 L.
327 481 436 542 Caesar
459 486 547 558 putat
570 481 627 540 diei
651 501 675 540 e.
694 502 722 558 q.
742 500 764 540 s,
805 481 852 539 Da
871 481 923 539 das
943 481 1167 558 Auguralwerlr

154 571 207 630 des
225 569 335 630 Caesar
356 571 405 629 bei
428 571 536 630 Festus
559 573 643 630 sonat
666 569 749 628 nicht
772 573 905 647 genannt
926 569 1011 644 wird,
1035 588 1067 628 so
1089 569 1167 647 liegt

154 659 203 718 die
222 660 412 737 Vcrmutung
430 659 516 732 nahe,
536 659 601 718 dois
620 657 743 717 Verrius
762 657 900 718 dasselba
916 659 1023 718 ebenso
1042 657 1099 717 wie
1111 658 1166 716 ‘die

154 748 265 807 Schrift
284 749 335 808 das
350 749 515 823 ...Augur
532 745 676 808 Servilius
697 767 763 805 nur
781 748 892 806 durch
912 746 969 806 die
989 747 1165 806 Vermitt·

153 837 242 917 lung
264 838 324 897 des
348 837 478 896 Ateius
502 833 630 910 Capito
653 829 786 897 kanuto'.

242 927 305 986 Hac
337 945 426 1002 quam
459 923 703 984 adumbravimus
731 925 846 984 ratione
879 923 1009 983 officitur
1038 923 1166 999 triginta

155 1016 324 1093 fragment-a
356 1033 393 1073 ex
423 1013 639 1090 posterioribus
670 1013 807 1088 partibus
839 1013 950 1088 partim
983 1013 1045 1071 sine
1074 1013 1166 1073 dubio

154 1105 264 1181 partim
283 1122 391 1180 magna
411 1123 478 1162 oum
497 1101 721 1179 probabilitate,
740 1101 871 1178 quinquo
890 1101 1065 1160 dubitanter
1078 1101 1167 1177 Capi·

155 1192 220 1252 toni
242 1193 422 1270 assignanda
445 1209 524 1268 ossa,
556 1209 683 1266 quorum
706 1191 944 1266 fragmentorum
967 1209 1026 1267 quo
1049 1190 1168 1251 facilior

155 1285 234 1342 esset
257 1284 442 1357 conspectus,
465 1279 666 1339 Reitzenstein
685 1300 713 1354 p.
734 1281 774 1339 53
787 1300 829 1356 sq.
848 1280 982 1338 tabulam
1002 1279 1167 1355 proposuit.

575 1492 684 1552 Liber
707 1491 744 1552 V.

484 1610 528 1665 De
545 1610 623 1676 seriis
637 1609 837 1678 praecidaneae.

245 1721 272 1784 1.
307 1718 386 1783 Gell.
409 1719 439 1800 4,
458 1719 488 1799 6,
510 1719 561 1804 10„
588 1755 630 1764 -
659 1767 693 1782 ..
716 1767 723 1782 .
750 1717 850 1782 uerba
877 1717 965 1781 Ateii
996 1715 1166 1800 Capitonis

157 1831 195 1872 ex
219 1809 329 1890 quinto
349 1808 518 1888 librorum,
542 1829 622 1890 quos
642 1807 680 1871 de
698 1806 866 1892 pontificio
885 1807 953 1870 iure
973 1807 1167 1890 composuit,

156 1896 286 1980 scripsi:
312 1896 377 1960 Tib.
402 1894 595 1960 Coruncanio
613 1897 755 1979 pontifici
777 1896 914 1960 manino
929 1895 1027 1976 feriae
1044 1898 1167 1978 praeci

155 1986 270 2050 danaae
292 1986 326 2050 in
349 1989 454 2048 atram
481 1985 561 2048 diern
583 1985 790 2067 inanpnratac
813 1989 891 2049 sant.
937 1985 1095 2066 collepinrn
1118 1986 1167 2050 de·

155 2073 260 2154 creuit,
282 2093 345 2138 non
367 2071 540 2136 babendum
562 2074 718 2157 relipioni,
739 2074 816 2154 qnin
837 2093 870 2138 eo
893 2074 942 2138 dic
962 2072 1059 2153 feriae
1077 2095 1170 2156 prae·

156 2161 300 2226 cidanede
319 2165 424 2226 essent.

434 2301 436 2306 '
563 2288 672 2348 Liber
694 2288 762 2348 VII.

575 2405 621 2461 De
638 2407 746 2461 maredo.

245 2517 274 2580 2.
302 2511 496 2580 Pese154b.
524 2551 568 2562 -
591 2516 746 2600 Mandas,
776 2521 812 2581 ut
839 2517 886 2580 ait
913 2514 1029 2600 Capito
1055 2517 1169 2582 Ateius

156 2605 190 2668 in
218 2604 237 2670 l.
261 2603 325 2670 VII
353 2604 545 2688 pontificali,
578 2610 622 2670 ter
650 2606 686 2670 in
717 2626 800 2670 anno
823 2611 928 2687 patere
959 2607 1034 2671 solet
1063 2606 1169 2672 dabas

156 2694 222 2758 bis:
238 2694 392 2776 postridie
417 2694 598 2760 Voloanalia
621 2694 671 2778 <et
692 2700 763 2759 ante
786 2696 867 2760 diern
888 2693 955 2758 ΙΙΙ
974 2695 1055 2760 Non.
1083 2693 1169 2779 Ori>

156 2789 185 2850 et
210 2789 281 2848 ante
312 2784 392 2848 diem
422 2783 473 2848 VI
491 2781 541 2848 Id.
564 2783 658 2848 Noa:
691 2785 745 2866 qni
775 2784 852 2865 qnid
882 2785 927 2848 ita
959 2785 1093 2868 diontnr,
1123 2787 1169 2849 sio

155 2872 248 2952 refert
266 2871 341 2938 Gaio
365 2873 399 2936 in
421 2873 648 2936 commentariis
668 2873 749 2936 iaris
766 2873 876 2937 civilis
874 2893 881 2906 ·
905 2871 1040 2938 ‘Mando
1058 2893 1169 2938 nomen

156 2961 281 3063 inposii
280 2981 333 3024 arn
359 2964 404 3024 est
391 2961 466 3024 t'ab
493 2981 526 3024 eo
553 2961 679 3062 niundon,
707 2961 762 3042 qai
783 2981 880 3042 snpra
901 2981 958 3026 nos
980 2966 1037 3039 est;
1063 2961 1169 3042 forma

157 3051 238 3114 enirn
260 3051 325 3114 eins
347 3054 403 3128 est,
430 3053 465 3112 nt
487 3069 523 3113 en
545 3048 595 3112 bis
618 3049 673 3130 qni
696 3050 729 3112 in
731 3055 859 3128 i,raoere
882 3070 1053 3132 npnoseere
1070 3052 1169 3136 potui,

157 3138 311 3203 adsimilis
334 3135 402 3202 illi’.
438 3139 504 3202 eins
524 3137 700 3240 inferiorern
713 3143 835 3220 partein
852 3139 945 3203 celati
960 3143 1169 3205 consecratam

157 3228 206 3292 dis
224 3226 375 3291 Manibus
397 3227 537 3291 claresarn
555 3228 640 3291 orani
663 3232 801 3310 ternpore,
823 3228 887 3292 nisi
909 3227 958 3292 bis
980 3229 1093 3315 dabas,
1114 3231 1170 3311 qni

157 3335 255 3396 snpra
272 3316 380 3397 scripti
397 3320 555 3400 sundino
501 3317 633 3380 rnaiores
650 3314 852 3398 c<cnsnnnm
869 3316 1070 3402 badenim>
1093 3338 1168 3399 qnos

158 3403 222 3468 dies
244 3405 338 3468 etiarn
360 3404 516 3486 relipiosos
537 3405 751 3470 indicaverant
738 3410 807 3469 ica
827 3407 863 3470 de
880 3426 984 3488 oanan
1006 3407 1088 3488 qnod
1108 3427 1168 3489 qno

159 3495 289 3572 tenrpore
315 3513 364 3576 ea,
395 3513 473 3575 qnae
502 3495 687 3558 monitae
657 3499 687 3557 e
712 3494 833 3559 abditae
858 3494 1016 3577 relipionis
1042 3496 1169 3560 danne
1249 3555 1252 3560 ,
