2512 3888
158 155 224 220 462
265 155 299 210 ll.
328 154 396 209 ΤΙΒ.
416 153 491 210 ann
515 152 642 210 CLAUD.
666 152 801 210 NERON.
820 153 928 208 TEMP.
947 153 1045 210 IURIS
1064 153 1165 212 CONS.

155 327 186 384 et
207 324 293 382 heres
317 323 390 401 eius,
415 326 515 382 tamen
538 341 623 382 omne
646 322 678 380 in
699 341 779 398 penu
802 322 975 382 existimari.
1020 323 1073 382 sed
1095 342 1162 383 oum

153 412 332 490 probaretur
363 431 431 471 eum
459 412 510 489 qui
536 413 751 471 testamentum
776 411 897 471 fecisset
923 414 1041 488 partem
1068 431 1161 489 penus

155 499 284 561 vendere
313 501 435 561 solitum
459 519 536 578 esse,
564 499 760 560 constitutum
784 517 861 577 esse,
889 503 924 558 ut
946 519 983 560 ex
1005 519 1053 579 eo,
1082 501 1162 579 quod

154 589 193 649 ad
218 607 328 648 annum
351 608 424 666 opus
447 593 535 666 esset,
557 587 680 648 heredes
702 589 847 666 legatario
872 588 985 650 darent.
1027 590 1070 650 sio
1089 589 1161 649 mihi

153 678 253 755 plaoet
280 680 311 737 et
336 678 367 737 in
396 679 466 737 lana
488 671 563 737 fieri’
588 679 619 737 et
641 697 668 754 q.
683 695 705 736 s.
751 695 817 736 oum
842 696 877 737 ea
899 697 975 755 quae
998 678 1110 739 Paulus
1132 680 1162 738 in

154 765 257 826 Alfeni
284 767 412 843 epitome
440 767 580 844 explieat,
611 766 648 826 ad
675 766 754 825 idem
780 765 906 826 redeunt
928 785 997 825 oum
1019 767 1062 826 eis
1087 787 1161 844 quae

154 855 192 914 ad
215 855 358 915 Sabinum
385 857 485 935 affert,
512 856 623 916 Paulus
651 873 718 914 eam
741 853 844 915 Sabini
871 855 1051 915 sententiam
1074 875 1162 933 quam

154 945 268 1005 Gellius
295 946 422 1021 profert,
450 945 570 1004 videtur
596 944 673 1004 libro
701 944 740 1002 ad
762 943 906 1003 Sabinum
928 945 1046 1023 plenius
1069 946 1161 1022 expli·

155 1052 245 1094 oasse.
288 1035 365 1112 quod
386 1034 423 1094 de
445 1033 595 1092 fructibus
618 1032 657 1091 ad
680 1051 811 1092 annurnn
833 1052 922 1092 usum
946 1033 1161 1094 suffioientibus

156 1125 306 1183 statutum
329 1126 388 1202 est,
411 1141 430 1181 a
452 1122 566 1182 rustica
588 1122 652 1181 vita
675 1121 818 1199 originem
843 1122 1005 1201 sumpsisse
1028 1126 1160 1201 apparet.

153 1213 189 1273 of.
213 1211 328 1271 Preller
345 1211 448 1272 1197.

242 1322 294 1386 41.
326 1321 365 1386 D.
387 1320 444 1400 45,
468 1321 500 1403 1,
523 1319 642 1404 115,2
675 1319 873 1404 Papinianus
907 1320 991 1386 libro
1024 1321 1159 1386 seeundo

32 1492 35 1496 ¹
157 1408 388 1486 Quaestionum
412 1407 462 1493 (P.
477 1408 544 1495 79).
566 1445 611 1456 —-
634 1458 668 1475 ..
692 1408 719 1473 si
743 1409 813 1494 quis
841 1407 889 1474 ita
910 1409 1097 1493 stipuletur:
1128 1407 1160 1474 Si

154 1498 359 1583 Pamphilum
374 1519 441 1562 non
456 1497 590 1580 dederis,
604 1500 732 1564 eentum
747 1497 816 1562 dari
831 1497 989 1581 spondes?
1003 1547 1010 1563 .
1025 1546 1033 1562 .
1048 1548 1055 1564 .
1071 1497 1159 1563 Sabi·

152 1610 213 1652 nus
232 1638 261 1652 ..
280 1587 488 1651 existimabat
516 1609 554 1650 ex
581 1586 740 1652 sententia
768 1586 1041 1670 contrahentium,
1073 1591 1159 1671 post-

154 1697 250 1759 quam
270 1675 368 1741 homo
391 1676 498 1760 potuit
517 1675 595 1759 dari,
619 1675 789 1740 confestim
809 1674 967 1760 agendum
987 1681 1020 1740 et
1039 1677 1160 1740 tamdiu

154 1787 193 1831 ex
209 1765 418 1850 stipulatione
432 1786 497 1829 non
510 1786 606 1848 posse
622 1764 684 1848 agi,
699 1764 850 1849 quamdiu
864 1785 921 1847 per
934 1765 1160 1848 promissorem

157 1873 222 1918 non
241 1854 342 1932 stetit,
363 1853 533 1938 quominus
552 1852 717 1917 hominem
737 1852 837 1936 daret,
855 1853 950 1937 idque
969 1851 1161 1918 defendebat

156 1941 301 2027 exemplo
330 1963 431 2026 penus
459 1942 594 2027 legatae.
643 1941 769 2006 Munius
797 1941 915 2006 etenim
942 1940 1107 2027 heredem,
1134 1941 1161 2006 si

154 2030 230 2094 dare
257 2030 418 2114 potuisset
445 2052 565 2113 penum
592 2051 650 2095 neo
678 2029 830 2114 dedisset,
857 2029 1026 2096 confestim
1049 2031 1083 2094 in
1107 2051 1160 2116 pe-

153 2117 281 2182 cuniam
304 2118 446 2202 legatam
472 2119 574 2182 teneri
599 2119 735 2202 scripsit.

241 2237 334 2296 Muoii
361 2238 541 2298 sententiam
564 2261 593 2300 v.
613 2239 668 2315 Ip.
685 2242 735 2299 74.
780 2240 816 2299 de
841 2260 876 2300 re
903 2241 939 2300 of.
967 2240 1160 2318 Pergament:

152 2326 466 2387 Konventionalstrafe
488 2347 515 2404 p.
531 2330 623 2404 3sqq.

394 2524 442 2583 De
464 2525 555 2599 teporo
576 2527 629 2585 aab
653 2526 814 2584 condicione
836 2525 912 2584 doto.

240 2648 275 2708 D.
296 2649 391 2726 35,1,
408 2652 448 2708 14
480 2649 661 2725 Pomponius
697 2648 773 2709 libro
807 2653 911 2709 oetavo
945 2648 982 2706 ad
1014 2646 1159 2706 Sabinum

152 2730 198 2819 (P.
214 2728 309 2819 bill)
331 2759 358 2799 v.
378 2738 413 2798 fr.
436 2739 475 2798 15
497 2729 603 2820 (snpra
624 2757 652 2813 p.
668 2729 760 2817 422):
786 2732 926 2797 ‘Sabinus
944 2737 1089 2796 Prooulus

151 2827 182 2885 in
204 2827 304 2906 legato
327 2826 406 2885 idem
429 2825 504 2885 iuris
528 2845 592 2885 ease
616 2819 740 2885 dieunt'.

346 3023 392 3082 De
415 3023 515 3095 tepolis
537 3023 570 3080 in
592 3021 667 3080 diem
688 3023 827 3081 incertum
848 3023 962 3081 relictio.

238 3146 284 3205 De
307 3147 354 3206 his
377 3145 486 3224 legatis
509 3144 656 3206 librorum
678 3146 716 3205 ad
735 3145 877 3206 Sabinum
900 3146 1070 3223 fragmenta
1089 3146 1160 3204 sunt

149 3233 580 3384 {ogggfflfflZOl-bffl’
608 3235 696 3296 Pauli
719 3234 753 3298 P.
779 3236 1009 3312 rsus-1679,
1036 3232 1161 3312 Ulpiani

239 3425 290 3488 42.
306 3422 344 3488 D.
353 3425 405 3506 32,
415 3424 510 3507 50pr.
533 3423 622 3489 Idem
642 3423 698 3505 (se.
717 3425 891 3511 Ulpianus)
905 3425 989 3490 libro
1003 3424 1159 3491 vicesimo

150 3510 247 3574 tertio
280 3512 320 3574 ad
349 3509 504 3576 Sabinum
533 3511 584 3598 (P.
598 3513 709 3598 2643).
740 3551 776 3561 -
809 3510 888 3578 Cum
922 3513 988 3578 filio
1017 3513 1160 3578 familias
