<?xml version="1.0" encoding="UTF-8"?>
<!DOCTYPE html PUBLIC "-//W3C//DTD XHTML 1.0 Transitional//EN"
    "http://www.w3.org/TR/xhtml1/DTD/xhtml1-transitional.dtd">
<html xmlns="http://www.w3.org/1999/xhtml" xml:lang="en" lang="en">
 <head>
  <title>
</title>
<meta http-equiv="Content-Type" content="text/html;charset=utf-8" />
  <meta name='ocr-system' content='tesseract 3.04.00' />
  <meta name='ocr-capabilities' content='ocr_page ocr_carea ocr_par ocr_line ocrx_word'/>
</head>
<body>
  <div class='ocr_page' id='page_1' title='image "./iurisprudentiae04bremgoog_0304.png"; bbox 0 0 2580 3888; ppageno 0'>
   <div class='ocr_carea' id='block_1_1' title="bbox 149 145 1159 214">
    <p class='ocr_par' dir='ltr' id='par_1_1' title="bbox 149 145 1159 214">
     <span class='ocr_line' id='line_1_1' title="bbox 149 145 1159 214; baseline -0.011 0"><span class='ocrx_word' id='word_1_1' title='bbox 149 147 218 214; x_wconf 82' lang='grc'>314</span> <span class='ocrx_word' id='word_1_2' title='bbox 257 147 290 202; x_wconf 88' lang='lat' dir='ltr'>ll.</span> <span class='ocrx_word' id='word_1_3' title='bbox 317 145 384 202; x_wconf 85' lang='lat' dir='ltr'>TlB.</span> <span class='ocrx_word' id='word_1_4' title='bbox 404 145 479 202; x_wconf 84' lang='lat' dir='ltr'>GAIl</span> <span class='ocrx_word' id='word_1_5' title='bbox 502 145 630 202; x_wconf 82' lang='lat' dir='ltr'><strong>GLAUD.</strong></span> <span class='ocrx_word' id='word_1_6' title='bbox 653 146 789 203; x_wconf 83' lang='lat' dir='ltr'><strong>NERON.</strong></span> <span class='ocrx_word' id='word_1_7' title='bbox 808 147 915 202; x_wconf 83' lang='grc' dir='ltr'><strong>ΤΕΜΡ.</strong></span> <span class='ocrx_word' id='word_1_8' title='bbox 934 146 1029 202; x_wconf 83' lang='lat' dir='ltr'>IURlS</span> <span class='ocrx_word' id='word_1_9' title='bbox 1054 147 1159 203; x_wconf 81' lang='lat' dir='ltr'>CONS.</span> 
     </span>
    </p>
   </div>
   <div class='ocr_carea' id='block_1_2' title="bbox 148 309 1163 1546">
    <p class='ocr_par' dir='ltr' id='par_1_2' title="bbox 148 309 1163 1546">
     <span class='ocr_line' id='line_1_2' title="bbox 148 309 1160 396; baseline -0.004 -18"><span class='ocrx_word' id='word_1_10' title='bbox 148 317 280 378; x_wconf 81' lang='lat' dir='ltr'>Sabinus</span> <span class='ocrx_word' id='word_1_11' title='bbox 303 314 334 375; x_wconf 82' lang='lat'>0.</span> <span class='ocrx_word' id='word_1_12' title='bbox 353 316 375 376; x_wconf 87' lang='lat' dir='ltr'>f.</span> <span class='ocrx_word' id='word_1_13' title='bbox 419 315 456 376; x_wconf 86' lang='lat' dir='ltr'>cf.</span> <span class='ocrx_word' id='word_1_14' title='bbox 479 315 625 391; x_wconf 79' lang='lat' dir='ltr'>Borghesi</span> <span class='ocrx_word' id='word_1_15' title='bbox 648 314 761 391; x_wconf 84' lang='lat' dir='ltr'>Opp&#39;l</span> <span class='ocrx_word' id='word_1_16' title='bbox 787 336 815 391; x_wconf 90' lang='lat' dir='ltr'>p.</span> <span class='ocrx_word' id='word_1_17' title='bbox 836 309 928 396; x_wconf 79' lang='lat'>171),</span> <span class='ocrx_word' id='word_1_18' title='bbox 954 315 1027 374; x_wconf 89' lang='lat' dir='ltr'>satis</span> <span class='ocrx_word' id='word_1_19' title='bbox 1050 315 1160 374; x_wconf 91' lang='lat' dir='ltr'>humili</span> 
     </span>
     <span class='ocr_line' id='line_1_3' title="bbox 149 403 1160 482; baseline -0.003 -15"><span class='ocrx_word' id='word_1_20' title='bbox 149 408 214 467; x_wconf 94' lang='lat' dir='ltr'>loco</span> <span class='ocrx_word' id='word_1_21' title='bbox 233 409 331 480; x_wconf 91' lang='lat' dir='ltr'>natus,</span> <span class='ocrx_word' id='word_1_22' title='bbox 350 404 422 464; x_wconf 87' lang='lat' dir='ltr'>Atei</span> <span class='ocrx_word' id='word_1_23' title='bbox 436 403 598 480; x_wconf 81' lang='lat' dir='ltr'>Capitonis,</span> <span class='ocrx_word' id='word_1_24' title='bbox 618 407 653 463; x_wconf 92' lang='lat' dir='ltr'>ut</span> <span class='ocrx_word' id='word_1_25' title='bbox 666 404 794 482; x_wconf 88' lang='lat' dir='ltr'>videtur,</span> <span class='ocrx_word' id='word_1_26' title='bbox 813 404 941 480; x_wconf 78' lang='lat' dir='ltr'>auditor,</span> <span class='ocrx_word' id='word_1_27' title='bbox 958 404 1033 464; x_wconf 91' lang='lat' dir='ltr'>iuris</span> <span class='ocrx_word' id='word_1_28' title='bbox 1047 403 1160 464; x_wconf 88' lang='lat' dir='ltr'>doctri·</span> 
     </span>
     <span class='ocr_line' id='line_1_4' title="bbox 150 487 1161 571; baseline -0.003 -16"><span class='ocrx_word' id='word_1_29' title='bbox 150 515 221 555; x_wconf 89' lang='lat' dir='ltr'>nam</span> <span class='ocrx_word' id='word_1_30' title='bbox 237 494 399 571; x_wconf 88' lang='lat' dir='ltr'>professus,</span> <span class='ocrx_word' id='word_1_31' title='bbox 417 511 486 552; x_wconf 93' lang='lat' dir='ltr'>cum</span> <span class='ocrx_word' id='word_1_32' title='bbox 504 494 531 552; x_wconf 92' lang='lat' dir='ltr'>ei</span> <span class='ocrx_word' id='word_1_33' title='bbox 550 494 667 569; x_wconf 77' lang='lat' dir='ltr'>amplae</span> <span class='ocrx_word' id='word_1_34' title='bbox 685 493 845 552; x_wconf 86' lang='lat' dir='ltr'>facultates</span> <span class='ocrx_word' id='word_1_35' title='bbox 858 511 918 552; x_wconf 91' lang='lat' dir='ltr'>non</span> <span class='ocrx_word' id='word_1_36' title='bbox 932 495 1039 569; x_wconf 91' lang='lat' dir='ltr'>essent,</span> <span class='ocrx_word' id='word_1_37' title='bbox 1054 487 1161 570; x_wconf 68' lang='lat' dir='ltr'>‘pluri-</span> 
     </span>
     <span class='ocr_line' id='line_1_5' title="bbox 150 573 1159 663; baseline 0.001 -20"><span class='ocrx_word' id='word_1_38' title='bbox 150 604 234 643; x_wconf 90' lang='lat' dir='ltr'>mum</span> <span class='ocrx_word' id='word_1_39' title='bbox 251 601 269 641; x_wconf 87' lang='lat' dir='ltr'>a</span> <span class='ocrx_word' id='word_1_40' title='bbox 288 582 348 642; x_wconf 90' lang='lat' dir='ltr'>suis</span> <span class='ocrx_word' id='word_1_41' title='bbox 368 581 555 642; x_wconf 78' lang='lat' dir='ltr'>auditoribus</span> <span class='ocrx_word' id='word_1_42' title='bbox 573 584 759 642; x_wconf 88' lang='lat' dir='ltr'>sustentatus</span> <span class='ocrx_word' id='word_1_43' title='bbox 777 577 836 641; x_wconf 88' lang='lat' dir='ltr'>est&#39;</span> <span class='ocrx_word' id='word_1_44' title='bbox 851 573 1047 662; x_wconf 85' lang='lat' dir='ltr'>(Pomponius</span> <span class='ocrx_word' id='word_1_45' title='bbox 1061 573 1159 663; x_wconf 72' lang='lat'><strong>§50).</strong></span> 
     </span>
     <span class='ocr_line' id='line_1_6' title="bbox 150 670 1161 750; baseline -0.001 -19"><span class='ocrx_word' id='word_1_46' title='bbox 150 673 203 750; x_wconf 89' lang='lat' dir='ltr'>qui</span> <span class='ocrx_word' id='word_1_47' title='bbox 222 691 290 732; x_wconf 92' lang='lat' dir='ltr'>cum</span> <span class='ocrx_word' id='word_1_48' title='bbox 309 671 476 748; x_wconf 78' lang='lat' dir='ltr'>assessoris,</span> <span class='ocrx_word' id='word_1_49' title='bbox 494 674 531 730; x_wconf 92' lang='lat' dir='ltr'>ut</span> <span class='ocrx_word' id='word_1_50' title='bbox 548 671 682 730; x_wconf 75' lang='lat' dir='ltr'>conicere</span> <span class='ocrx_word' id='word_1_51' title='bbox 700 671 780 742; x_wconf 86' lang='lat' dir='ltr'>licet,</span> <span class='ocrx_word' id='word_1_52' title='bbox 799 689 920 731; x_wconf 91' lang='lat' dir='ltr'>munere</span> <span class='ocrx_word' id='word_1_53' title='bbox 935 670 1056 730; x_wconf 89' lang='lat' dir='ltr'>functus</span> <span class='ocrx_word' id='word_1_54' title='bbox 1071 674 1161 749; x_wconf 90' lang='lat' dir='ltr'>esset,</span> 
     </span>
     <span class='ocr_line' id='line_1_7' title="bbox 148 759 1162 838; baseline -0.002 -17"><span class='ocrx_word' id='word_1_55' title='bbox 148 760 368 838; x_wconf 68' lang='lat' dir='ltr'>quinquaginta</span> <span class='ocrx_word' id='word_1_56' title='bbox 404 761 466 818; x_wconf 90' lang='lat' dir='ltr'>fere</span> <span class='ocrx_word' id='word_1_57' title='bbox 503 777 596 818; x_wconf 89' lang='lat' dir='ltr'>annos</span> <span class='ocrx_word' id='word_1_58' title='bbox 631 762 720 819; x_wconf 88' lang='lat' dir='ltr'>natus</span> <span class='ocrx_word' id='word_1_59' title='bbox 757 759 788 818; x_wconf 90' lang='lat' dir='ltr'>in</span> <span class='ocrx_word' id='word_1_60' title='bbox 826 763 994 836; x_wconf 80' lang='lat' dir='ltr'>equestrem</span> <span class='ocrx_word' id='word_1_61' title='bbox 1027 759 1162 819; x_wconf 85' lang='lat' dir='ltr'>ordinem</span> 
     </span>
     <span class='ocr_line' id='line_1_8' title="bbox 150 846 1163 926; baseline -0.003 -15"><span class='ocrx_word' id='word_1_62' title='bbox 150 853 289 926; x_wconf 88' lang='lat' dir='ltr'>receptus</span> <span class='ocrx_word' id='word_1_63' title='bbox 322 867 551 924; x_wconf 86' lang='lat' dir='ltr'>concessumque</span> <span class='ocrx_word' id='word_1_64' title='bbox 579 848 607 906; x_wconf 91' lang='lat' dir='ltr'>ei</span> <span class='ocrx_word' id='word_1_65' title='bbox 634 851 680 907; x_wconf 91' lang='lat' dir='ltr'>est</span> <span class='ocrx_word' id='word_1_66' title='bbox 707 868 725 908; x_wconf 90' lang='lat' dir='ltr'>a</span> <span class='ocrx_word' id='word_1_67' title='bbox 753 848 871 908; x_wconf 84' lang='lat' dir='ltr'>Tiberio</span> <span class='ocrx_word' id='word_1_68' title='bbox 896 846 1033 922; x_wconf 75' lang='lat' dir='ltr'>Caesare,</span> <span class='ocrx_word' id='word_1_69' title='bbox 1062 851 1098 907; x_wconf 91' lang='lat' dir='ltr'>ut</span> <span class='ocrx_word' id='word_1_70' title='bbox 1124 867 1163 908; x_wconf 88' lang='lat' dir='ltr'>ex</span> 
     </span>
     <span class='ocr_line' id='line_1_9' title="bbox 150 936 1162 1016; baseline -0.001 -18"><span class='ocrx_word' id='word_1_71' title='bbox 150 938 293 1016; x_wconf 91' lang='lat' dir='ltr'>principis</span> <span class='ocrx_word' id='word_1_72' title='bbox 316 937 497 997; x_wconf 88' lang='lat' dir='ltr'>auctoritate</span> <span class='ocrx_word' id='word_1_73' title='bbox 514 936 716 1014; x_wconf 84' lang='lat' dir='ltr'>responderet,</span> <span class='ocrx_word' id='word_1_74' title='bbox 739 955 797 1013; x_wconf 93' lang='lat' dir='ltr'>quo</span> <span class='ocrx_word' id='word_1_75' title='bbox 815 937 931 996; x_wconf 83' lang='lat' dir='ltr'>factum</span> <span class='ocrx_word' id='word_1_76' title='bbox 949 937 1069 996; x_wconf 86' lang='lat' dir='ltr'>videtur</span> <span class='ocrx_word' id='word_1_77' title='bbox 1087 955 1162 1011; x_wconf 81' lang='lat' dir='ltr'>esse,</span> 
     </span>
     <span class='ocr_line' id='line_1_10' title="bbox 150 1018 1162 1107; baseline -0.002 -19"><span class='ocrx_word' id='word_1_78' title='bbox 150 1033 187 1088; x_wconf 89' lang='lat' dir='ltr'>ut</span> <span class='ocrx_word' id='word_1_79' title='bbox 215 1027 360 1105; x_wconf 89' lang='lat' dir='ltr'>equestris</span> <span class='ocrx_word' id='word_1_80' title='bbox 389 1026 500 1085; x_wconf 90' lang='lat' dir='ltr'>ordinis</span> <span class='ocrx_word' id='word_1_81' title='bbox 523 1026 635 1100; x_wconf 90' lang='lat' dir='ltr'>primus</span> <span class='ocrx_word' id='word_1_82' title='bbox 661 1026 778 1100; x_wconf 91' lang='lat' dir='ltr'>publice</span> <span class='ocrx_word' id='word_1_83' title='bbox 801 1026 995 1100; x_wconf 89' lang='lat' dir='ltr'>responderet</span> <span class='ocrx_word' id='word_1_84' title='bbox 1017 1018 1162 1107; x_wconf 87' lang='lat' dir='ltr'>(Pompo-</span> 
     </span>
     <span class='ocr_line' id='line_1_11' title="bbox 150 1106 1162 1194; baseline -0.002 -18"><span class='ocrx_word' id='word_1_85' title='bbox 150 1118 219 1177; x_wconf 91' lang='lat' dir='ltr'>nius</span> <span class='ocrx_word' id='word_1_86' title='bbox 243 1113 283 1191; x_wconf 61' lang='grc' dir='ltr'>ἐξ</span> <span class='ocrx_word' id='word_1_87' title='bbox 303 1117 354 1186; x_wconf 87' lang='grc'>48,</span> <span class='ocrx_word' id='word_1_88' title='bbox 369 1106 453 1194; x_wconf 85' lang='grc'>50).1</span> <span class='ocrx_word' id='word_1_89' title='bbox 488 1114 565 1175; x_wconf 80' lang='lat' dir='ltr'>uixit</span> <span class='ocrx_word' id='word_1_90' title='bbox 586 1133 683 1190; x_wconf 91' lang='lat' dir='ltr'>usque</span> <span class='ocrx_word' id='word_1_91' title='bbox 706 1114 743 1173; x_wconf 90' lang='lat' dir='ltr'>ad</span> <span class='ocrx_word' id='word_1_92' title='bbox 766 1114 893 1174; x_wconf 86' lang='lat' dir='ltr'>Neronis</span> <span class='ocrx_word' id='word_1_93' title='bbox 917 1118 1063 1191; x_wconf 73' lang='lat' dir='ltr'>tempora,</span> <span class='ocrx_word' id='word_1_94' title='bbox 1090 1134 1162 1175; x_wconf 87' lang='lat' dir='ltr'>num</span> 
     </span>
     <span class='ocr_line' id='line_1_12' title="bbox 152 1201 1163 1282; baseline -0.004 -16"><span class='ocrx_word' id='word_1_95' title='bbox 152 1205 233 1282; x_wconf 89' lang='lat' dir='ltr'>apud</span> <span class='ocrx_word' id='word_1_96' title='bbox 256 1203 320 1264; x_wconf 77' lang='lat' dir='ltr'>cni.</span> <span class='ocrx_word' id='word_1_97' title='bbox 340 1201 369 1281; x_wconf 76' lang='lat'>2,</span> <span class='ocrx_word' id='word_1_98' title='bbox 390 1205 453 1263; x_wconf 80' lang='lat'>218</span> <span class='ocrx_word' id='word_1_99' title='bbox 482 1204 555 1263; x_wconf 90' lang='lat' dir='ltr'>haec</span> <span class='ocrx_word' id='word_1_100' title='bbox 583 1202 619 1261; x_wconf 93' lang='lat' dir='ltr'>de</span> <span class='ocrx_word' id='word_1_101' title='bbox 647 1203 746 1280; x_wconf 80' lang='lat' dir='ltr'>legato</span> <span class='ocrx_word' id='word_1_102' title='bbox 774 1222 828 1278; x_wconf 92' lang='lat' dir='ltr'>per</span> <span class='ocrx_word' id='word_1_103' title='bbox 854 1203 1091 1278; x_wconf 81' lang='lat' dir='ltr'>praeceptionem</span> <span class='ocrx_word' id='word_1_104' title='bbox 1119 1204 1163 1263; x_wconf 92' lang='lat' dir='ltr'>le·</span> 
     </span>
     <span class='ocr_line' id='line_1_13' title="bbox 153 1287 1163 1373; baseline 0 -21"><span class='ocrx_word' id='word_1_105' title='bbox 153 1296 279 1373; x_wconf 83' lang='lat' dir='ltr'>guntur:</span> <span class='ocrx_word' id='word_1_106' title='bbox 300 1287 319 1352; x_wconf 59' lang='grc' dir='ltr'>ἵ</span> <span class='ocrx_word' id='word_1_107' title='bbox 335 1338 341 1352; x_wconf 94' lang='grc'><strong>.</strong></span> <span class='ocrx_word' id='word_1_108' title='bbox 357 1293 382 1352; x_wconf 93' lang='lat' dir='ltr'>si</span> <span class='ocrx_word' id='word_1_109' title='bbox 400 1295 541 1351; x_wconf 79' lang='lat' dir='ltr'>extraneo</span> <span class='ocrx_word' id='word_1_110' title='bbox 559 1292 694 1368; x_wconf 78' lang='lat' dir='ltr'>legatum</span> <span class='ocrx_word' id='word_1_111' title='bbox 713 1291 813 1365; x_wconf 86' lang='lat' dir='ltr'>fuerit,</span> <span class='ocrx_word' id='word_1_112' title='bbox 833 1291 939 1351; x_wconf 89' lang='lat' dir='ltr'>inutile</span> <span class='ocrx_word' id='word_1_113' title='bbox 958 1296 1005 1351; x_wconf 87' lang='lat' dir='ltr'>est</span> <span class='ocrx_word' id='word_1_114' title='bbox 1018 1293 1163 1370; x_wconf 82' lang='lat' dir='ltr'>legatum,</span> 
     </span>
     <span class='ocr_line' id='line_1_14' title="bbox 151 1375 1162 1459; baseline -0.003 -16"><span class='ocrx_word' id='word_1_115' title='bbox 151 1384 227 1443; x_wconf 85' lang='lat' dir='ltr'>adeo</span> <span class='ocrx_word' id='word_1_116' title='bbox 255 1384 291 1441; x_wconf 92' lang='lat' dir='ltr'>ut</span> <span class='ocrx_word' id='word_1_117' title='bbox 319 1380 446 1440; x_wconf 85' lang='lat' dir='ltr'>Sabinus</span> <span class='ocrx_word' id='word_1_118' title='bbox 474 1380 704 1458; x_wconf 81' lang='lat' dir='ltr'>existimaverit,</span> <span class='ocrx_word' id='word_1_119' title='bbox 730 1399 767 1440; x_wconf 88' lang='lat' dir='ltr'>nc</span> <span class='ocrx_word' id='word_1_120' title='bbox 795 1380 915 1458; x_wconf 91' lang='lat' dir='ltr'>quidem</span> <span class='ocrx_word' id='word_1_121' title='bbox 938 1398 973 1440; x_wconf 81' lang='lat' dir='ltr'>ex</span> <span class='ocrx_word' id='word_1_122' title='bbox 995 1375 1162 1459; x_wconf 76' lang='lat' dir='ltr'>(senatus)</span> 
     </span>
     <span class='ocr_line' id='line_1_15' title="bbox 151 1469 1163 1546; baseline -0.005 -14"><span class='ocrx_word' id='word_1_123' title='bbox 151 1471 288 1532; x_wconf 87' lang='lat' dir='ltr'>consulto</span> <span class='ocrx_word' id='word_1_124' title='bbox 315 1470 485 1529; x_wconf 86' lang='lat' dir='ltr'>Neroniano</span> <span class='ocrx_word' id='word_1_125' title='bbox 513 1487 599 1544; x_wconf 90' lang='lat' dir='ltr'>posse</span> <span class='ocrx_word' id='word_1_126' title='bbox 627 1470 845 1546; x_wconf 71' lang='lat' dir='ltr'>convalescere,</span> <span class='ocrx_word' id='word_1_127' title='bbox 877 1489 946 1528; x_wconf 89' lang='lat' dir='ltr'>nam</span> <span class='ocrx_word' id='word_1_128' title='bbox 974 1488 1033 1546; x_wconf 82' lang='lat' dir='ltr'>eo,</span> <span class='ocrx_word' id='word_1_129' title='bbox 1055 1469 1163 1546; x_wconf 91' lang='lat' dir='ltr'>inquit,</span> 
     </span>
    </p>
   </div>
   <div class='ocr_carea' id='block_1_3' title="bbox 149 1551 1162 1905">
    <p class='ocr_par' dir='ltr' id='par_1_3' title="bbox 149 1551 1162 1905">
     <span class='ocr_line' id='line_1_16' title="bbox 154 1551 1162 1634; baseline -0.001 -14"><span class='ocrx_word' id='word_1_130' title='bbox 154 1563 275 1621; x_wconf 86' lang='lat' dir='ltr'>senatus</span> <span class='ocrx_word' id='word_1_131' title='bbox 302 1561 439 1619; x_wconf 89' lang='lat' dir='ltr'>consulto</span> <span class='ocrx_word' id='word_1_132' title='bbox 463 1551 534 1619; x_wconf 86' lang='lat'>...&#39;.</span> <span class='ocrx_word' id='word_1_133' title='bbox 577 1577 758 1634; x_wconf 89' lang='lat' dir='ltr'>quamquam</span> <span class='ocrx_word' id='word_1_134' title='bbox 785 1559 820 1616; x_wconf 81' lang='lat' dir='ltr'>A.</span> <span class='ocrx_word' id='word_1_135' title='bbox 844 1558 966 1617; x_wconf 90' lang='lat' dir='ltr'>Pemice</span> <span class='ocrx_word' id='word_1_136' title='bbox 989 1558 1110 1634; x_wconf 80' lang='lat' dir='ltr'>Encycl.</span> <span class='ocrx_word' id='word_1_137' title='bbox 1133 1559 1162 1619; x_wconf 92' lang='lat' dir='ltr'>d.</span> 
     </span>
     <span class='ocr_line' id='line_1_17' title="bbox 153 1639 1161 1724; baseline -0.002 -16"><span class='ocrx_word' id='word_1_138' title='bbox 153 1649 228 1708; x_wconf 87' lang='lat' dir='ltr'>RW.</span> <span class='ocrx_word' id='word_1_139' title='bbox 255 1669 283 1724; x_wconf 93' lang='lat' dir='ltr'>p.</span> <span class='ocrx_word' id='word_1_140' title='bbox 305 1651 366 1708; x_wconf 78' lang='lat'>152</span> <span class='ocrx_word' id='word_1_141' title='bbox 400 1648 489 1707; x_wconf 91' lang='lat' dir='ltr'>aliter</span> <span class='ocrx_word' id='word_1_142' title='bbox 519 1639 633 1707; x_wconf 72' lang='lat' dir='ltr'>sentit.²</span> <span class='ocrx_word' id='word_1_143' title='bbox 673 1649 709 1706; x_wconf 94' lang='lat' dir='ltr'>de</span> <span class='ocrx_word' id='word_1_144' title='bbox 737 1646 863 1706; x_wconf 88' lang='lat' dir='ltr'>Masurii</span> <span class='ocrx_word' id='word_1_145' title='bbox 891 1647 946 1707; x_wconf 91' lang='lat' dir='ltr'>snb</span> <span class='ocrx_word' id='word_1_146' title='bbox 974 1641 1161 1723; x_wconf 89' lang='lat' dir='ltr'>principibus</span> 
     </span>
     <span class='ocr_line' id='line_1_18' title="bbox 149 1734 1161 1814; baseline -0.002 -17"><span class='ocrx_word' id='word_1_147' title='bbox 149 1736 305 1797; x_wconf 80' lang='lat' dir='ltr'>Tiberium</span> <span class='ocrx_word' id='word_1_148' title='bbox 323 1736 515 1814; x_wconf 89' lang='lat' dir='ltr'>sequentibus</span> <span class='ocrx_word' id='word_1_149' title='bbox 537 1737 609 1795; x_wconf 86' lang='lat' dir='ltr'>fatis</span> <span class='ocrx_word' id='word_1_150' title='bbox 631 1735 707 1794; x_wconf 90' lang='lat' dir='ltr'>nihil</span> <span class='ocrx_word' id='word_1_151' title='bbox 724 1736 867 1795; x_wconf 87' lang='lat' dir='ltr'>traditum</span> <span class='ocrx_word' id='word_1_152' title='bbox 887 1738 941 1795; x_wconf 86' lang='lat' dir='ltr'>est.</span> <span class='ocrx_word' id='word_1_153' title='bbox 983 1735 1034 1794; x_wconf 88' lang='lat' dir='ltr'>sed</span> <span class='ocrx_word' id='word_1_154' title='bbox 1054 1734 1161 1795; x_wconf 84' lang='lat' dir='ltr'>Sueto·</span> 
     </span>
     <span class='ocr_line' id='line_1_19' title="bbox 151 1823 1162 1905; baseline 0.001 -20"><span class='ocrx_word' id='word_1_155' title='bbox 151 1827 218 1886; x_wconf 90' lang='lat' dir='ltr'>nius</span> <span class='ocrx_word' id='word_1_156' title='bbox 247 1844 270 1887; x_wconf 91' lang='lat' dir='ltr'>c.</span> <span class='ocrx_word' id='word_1_157' title='bbox 295 1827 337 1886; x_wconf 86' lang='grc'>34</span> <span class='ocrx_word' id='word_1_158' title='bbox 366 1823 473 1885; x_wconf 81' lang='lat' dir='ltr'>Gaium</span> <span class='ocrx_word' id='word_1_159' title='bbox 501 1823 670 1905; x_wconf 78' lang='lat' dir='ltr'>Caligulam</span> <span class='ocrx_word' id='word_1_160' title='bbox 701 1826 732 1884; x_wconf 90' lang='lat' dir='ltr'>et</span> <span class='ocrx_word' id='word_1_161' title='bbox 763 1824 800 1882; x_wconf 93' lang='lat' dir='ltr'>de</span> <span class='ocrx_word' id='word_1_162' title='bbox 829 1823 951 1883; x_wconf 93' lang='lat' dir='ltr'>Homeri</span> <span class='ocrx_word' id='word_1_163' title='bbox 980 1823 1162 1886; x_wconf 82' lang='lat' dir='ltr'>carminibus</span> 
     </span>
    </p>
   </div>
   <div class='ocr_carea' id='block_1_4' title="bbox 149 1912 1162 1993">
    <p class='ocr_par' dir='ltr' id='par_1_4' title="bbox 149 1912 1162 1993">
     <span class='ocr_line' id='line_1_20' title="bbox 149 1912 1162 1993; baseline -0.001 -19"><span class='ocrx_word' id='word_1_164' title='bbox 149 1914 306 1975; x_wconf 81' lang='lat' dir='ltr'>abolendis</span> <span class='ocrx_word' id='word_1_165' title='bbox 325 1914 471 1992; x_wconf 86' lang='lat' dir='ltr'>cogitasse</span> <span class='ocrx_word' id='word_1_166' title='bbox 489 1916 593 1973; x_wconf 89' lang='lat' dir='ltr'>narrat</span> <span class='ocrx_word' id='word_1_167' title='bbox 612 1916 643 1972; x_wconf 93' lang='lat' dir='ltr'>et</span> <span class='ocrx_word' id='word_1_168' title='bbox 661 1913 696 1972; x_wconf 90' lang='lat' dir='ltr'>de</span> <span class='ocrx_word' id='word_1_169' title='bbox 714 1913 789 1972; x_wconf 89' lang='lat' dir='ltr'>iuris</span> <span class='ocrx_word' id='word_1_170' title='bbox 808 1913 951 1972; x_wconf 89' lang='lat' dir='ltr'>consultis</span> <span class='ocrx_word' id='word_1_171' title='bbox 966 1912 1053 1993; x_wconf 86' lang='lat' dir='ltr'>quasi</span> <span class='ocrx_word' id='word_1_172' title='bbox 1067 1913 1162 1973; x_wconf 90' lang='lat' dir='ltr'>scien·</span> 
     </span>
    </p>
   </div>
   <div class='ocr_carea' id='block_1_5' title="bbox 150 2098 1164 3576">
    <p class='ocr_par' dir='ltr' id='par_1_5' title="bbox 150 2098 1161 2880">
     <span class='ocr_line' id='line_1_21' title="bbox 224 2098 1161 2168; baseline 0.002 -14"><span class='ocrx_word' id='word_1_173' title='bbox 224 2105 239 2154; x_wconf 91' lang='lat'>1</span> <span class='ocrx_word' id='word_1_174' title='bbox 262 2099 325 2168; x_wconf 80' lang='lat' dir='ltr'>Dig.</span> <span class='ocrx_word' id='word_1_175' title='bbox 345 2106 369 2166; x_wconf 91' lang='lat'>1,</span> <span class='ocrx_word' id='word_1_176' title='bbox 384 2105 409 2168; x_wconf 73' lang='lat'>2,</span> <span class='ocrx_word' id='word_1_177' title='bbox 423 2104 529 2154; x_wconf 83' lang='lat'>48—50</span> <span class='ocrx_word' id='word_1_178' title='bbox 551 2100 682 2168; x_wconf 77' lang='lat' dir='ltr'>leguntur</span> <span class='ocrx_word' id='word_1_179' title='bbox 705 2100 786 2155; x_wconf 83' lang='lat' dir='ltr'>haec:</span> <span class='ocrx_word' id='word_1_180' title='bbox 811 2099 974 2154; x_wconf 87' lang='lat' dir='ltr'>‘Massurius</span> <span class='ocrx_word' id='word_1_181' title='bbox 993 2098 1112 2155; x_wconf 82' lang='lat' dir='ltr'>Sabinus</span> <span class='ocrx_word' id='word_1_182' title='bbox 1130 2100 1161 2156; x_wconf 92' lang='lat' dir='ltr'>in</span> 
     </span>
     <span class='ocr_line' id='line_1_22' title="bbox 153 2169 1159 2241; baseline 0.002 -17"><span class='ocrx_word' id='word_1_183' title='bbox 153 2171 278 2239; x_wconf 88' lang='lat' dir='ltr'>equestri</span> <span class='ocrx_word' id='word_1_184' title='bbox 301 2171 397 2225; x_wconf 89' lang='lat' dir='ltr'>ordine</span> <span class='ocrx_word' id='word_1_185' title='bbox 419 2170 474 2224; x_wconf 82' lang='lat' dir='ltr'>fuit</span> <span class='ocrx_word' id='word_1_186' title='bbox 497 2172 525 2223; x_wconf 91' lang='lat' dir='ltr'>et</span> <span class='ocrx_word' id='word_1_187' title='bbox 548 2169 661 2241; x_wconf 91' lang='lat' dir='ltr'>publice</span> <span class='ocrx_word' id='word_1_188' title='bbox 685 2169 792 2240; x_wconf 89' lang='lat' dir='ltr'>primus</span> <span class='ocrx_word' id='word_1_189' title='bbox 815 2170 971 2240; x_wconf 89' lang='lat' dir='ltr'>respondit’</span> <span class='ocrx_word' id='word_1_190' title='bbox 995 2174 1024 2225; x_wconf 90' lang='lat' dir='ltr'>et</span> <span class='ocrx_word' id='word_1_191' title='bbox 1047 2175 1159 2241; x_wconf 85' lang='lat' dir='ltr'>postea:</span> 
     </span>
     <span class='ocr_line' id='line_1_23' title="bbox 155 2239 1161 2313; baseline 0.001 -18"><span class='ocrx_word' id='word_1_192' title='bbox 155 2242 272 2311; x_wconf 82' lang='lat' dir='ltr'>‘primus</span> <span class='ocrx_word' id='word_1_193' title='bbox 294 2240 375 2296; x_wconf 84' lang='lat' dir='ltr'>divus</span> <span class='ocrx_word' id='word_1_194' title='bbox 393 2242 548 2313; x_wconf 79' lang='lat' dir='ltr'>Angustus,</span> <span class='ocrx_word' id='word_1_195' title='bbox 574 2245 606 2296; x_wconf 86' lang='lat' dir='ltr'>ut</span> <span class='ocrx_word' id='word_1_196' title='bbox 628 2239 717 2297; x_wconf 89' lang='lat' dir='ltr'>maior</span> <span class='ocrx_word' id='word_1_197' title='bbox 739 2240 807 2295; x_wconf 89' lang='lat' dir='ltr'>iuris</span> <span class='ocrx_word' id='word_1_198' title='bbox 831 2242 983 2297; x_wconf 87' lang='lat' dir='ltr'>auctoritas</span> <span class='ocrx_word' id='word_1_199' title='bbox 1002 2243 1161 2310; x_wconf 86' lang='lat' dir='ltr'>haberetur,</span> 
     </span>
     <span class='ocr_line' id='line_1_24' title="bbox 154 2311 1160 2382; baseline 0.001 -16"><span class='ocrx_word' id='word_1_200' title='bbox 154 2311 312 2378; x_wconf 86' lang='lat' dir='ltr'>constituit,</span> <span class='ocrx_word' id='word_1_201' title='bbox 336 2314 368 2366; x_wconf 91' lang='lat' dir='ltr'>ut</span> <span class='ocrx_word' id='word_1_202' title='bbox 387 2329 420 2366; x_wconf 85' lang='lat' dir='ltr'>ex</span> <span class='ocrx_word' id='word_1_203' title='bbox 439 2313 607 2367; x_wconf 86' lang='lat' dir='ltr'>auctoritate</span> <span class='ocrx_word' id='word_1_204' title='bbox 626 2313 685 2366; x_wconf 85' lang='lat' dir='ltr'>eius</span> <span class='ocrx_word' id='word_1_205' title='bbox 703 2311 916 2382; x_wconf 85' lang='lat' dir='ltr'>responderent,</span> <span class='ocrx_word' id='word_1_206' title='bbox 939 2315 969 2367; x_wconf 88' lang='lat' dir='ltr'>et</span> <span class='ocrx_word' id='word_1_207' title='bbox 987 2330 1020 2369; x_wconf 82' lang='lat' dir='ltr'>ex</span> <span class='ocrx_word' id='word_1_208' title='bbox 1038 2330 1071 2369; x_wconf 90' lang='lat' dir='ltr'>eo</span> <span class='ocrx_word' id='word_1_209' title='bbox 1090 2315 1160 2369; x_wconf 91' lang='lat' dir='ltr'>tem·</span> 
     </span>
     <span class='ocr_line' id='line_1_25' title="bbox 151 2381 1161 2454; baseline 0.001 -17"><span class='ocrx_word' id='word_1_210' title='bbox 151 2398 220 2454; x_wconf 88' lang='lat' dir='ltr'>pore</span> <span class='ocrx_word' id='word_1_211' title='bbox 238 2382 299 2453; x_wconf 90' lang='lat' dir='ltr'>peti</span> <span class='ocrx_word' id='word_1_212' title='bbox 316 2381 370 2436; x_wconf 92' lang='lat' dir='ltr'>hoc</span> <span class='ocrx_word' id='word_1_213' title='bbox 388 2399 438 2452; x_wconf 87' lang='lat' dir='ltr'>pro</span> <span class='ocrx_word' id='word_1_214' title='bbox 461 2383 594 2438; x_wconf 85' lang='lat' dir='ltr'>beneficio</span> <span class='ocrx_word' id='word_1_215' title='bbox 613 2383 707 2453; x_wconf 91' lang='lat' dir='ltr'>coepit</span> <span class='ocrx_word' id='word_1_216' title='bbox 727 2424 777 2439; x_wconf 89' lang='lat'>...</span> <span class='ocrx_word' id='word_1_217' title='bbox 796 2399 861 2453; x_wconf 83' lang='lat' dir='ltr'>ergo</span> <span class='ocrx_word' id='word_1_218' title='bbox 877 2383 980 2440; x_wconf 85' lang='lat' dir='ltr'>Sabino</span> <span class='ocrx_word' id='word_1_219' title='bbox 999 2400 1161 2440; x_wconf 86' lang='lat' dir='ltr'>conoessum</span> 
     </span>
     <span class='ocr_line' id='line_1_26' title="bbox 152 2453 1161 2525; baseline 0.001 -16"><span class='ocrx_word' id='word_1_220' title='bbox 152 2457 196 2509; x_wconf 89' lang='lat' dir='ltr'>est</span> <span class='ocrx_word' id='word_1_221' title='bbox 214 2470 232 2508; x_wconf 84' lang='lat' dir='ltr'>a</span> <span class='ocrx_word' id='word_1_222' title='bbox 250 2453 362 2509; x_wconf 86' lang='lat' dir='ltr'>Tiberio</span> <span class='ocrx_word' id='word_1_223' title='bbox 382 2453 512 2521; x_wconf 74' lang='lat' dir='ltr'>(laemre,</span> <span class='ocrx_word' id='word_1_224' title='bbox 535 2457 568 2508; x_wconf 86' lang='lat' dir='ltr'>ut</span> <span class='ocrx_word' id='word_1_225' title='bbox 584 2455 690 2525; x_wconf 92' lang='lat' dir='ltr'>populo</span> <span class='ocrx_word' id='word_1_226' title='bbox 709 2454 902 2524; x_wconf 83' lang='lat' dir='ltr'>responderet,</span> <span class='ocrx_word' id='word_1_227' title='bbox 922 2454 1020 2524; x_wconf 87' lang='lat' dir='ltr'>quiin</span> <span class='ocrx_word' id='word_1_228' title='bbox 1038 2456 1161 2525; x_wconf 86' lang='lat' dir='ltr'>equestri</span> 
     </span>
     <span class='ocr_line' id='line_1_27' title="bbox 152 2524 1161 2596; baseline 0.001 -15"><span class='ocrx_word' id='word_1_229' title='bbox 152 2524 251 2581; x_wconf 87' lang='lat' dir='ltr'>ordine</span> <span class='ocrx_word' id='word_1_230' title='bbox 269 2524 325 2580; x_wconf 87' lang='lat' dir='ltr'>iam</span> <span class='ocrx_word' id='word_1_231' title='bbox 339 2524 452 2595; x_wconf 80' lang='lat' dir='ltr'>grandis</span> <span class='ocrx_word' id='word_1_232' title='bbox 466 2527 535 2579; x_wconf 88' lang='lat' dir='ltr'>natu</span> <span class='ocrx_word' id='word_1_233' title='bbox 550 2528 578 2580; x_wconf 92' lang='lat' dir='ltr'>et</span> <span class='ocrx_word' id='word_1_234' title='bbox 591 2526 650 2581; x_wconf 85' lang='lat' dir='ltr'>fere</span> <span class='ocrx_word' id='word_1_235' title='bbox 665 2543 800 2581; x_wconf 87' lang='lat' dir='ltr'>annorum</span> <span class='ocrx_word' id='word_1_236' title='bbox 814 2524 1019 2596; x_wconf 81' lang='lat' dir='ltr'>quinquaginta</span> <span class='ocrx_word' id='word_1_237' title='bbox 1032 2529 1161 2596; x_wconf 87' lang='lat' dir='ltr'>receptus</span> 
     </span>
     <span class='ocr_line' id='line_1_28' title="bbox 151 2596 1161 2667; baseline 0 -15"><span class='ocrx_word' id='word_1_238' title='bbox 151 2598 219 2653; x_wconf 88' lang='lat' dir='ltr'>est’.</span> <span class='ocrx_word' id='word_1_239' title='bbox 254 2614 324 2667; x_wconf 89' lang='lat' dir='ltr'>quae</span> <span class='ocrx_word' id='word_1_240' title='bbox 344 2614 407 2652; x_wconf 93' lang='lat' dir='ltr'>cum</span> <span class='ocrx_word' id='word_1_241' title='bbox 424 2597 499 2652; x_wconf 86' lang='lat' dir='ltr'>inter</span> <span class='ocrx_word' id='word_1_242' title='bbox 517 2613 547 2651; x_wconf 90' lang='lat' dir='ltr'>se</span> <span class='ocrx_word' id='word_1_243' title='bbox 565 2599 699 2667; x_wconf 83' lang='lat' dir='ltr'>pugnent,</span> <span class='ocrx_word' id='word_1_244' title='bbox 719 2596 875 2653; x_wconf 82' lang='lat' dir='ltr'>Mommsen</span> <span class='ocrx_word' id='word_1_245' title='bbox 893 2597 987 2667; x_wconf 86' lang='lat' dir='ltr'>priora</span> <span class='ocrx_word' id='word_1_246' title='bbox 1005 2597 1056 2652; x_wconf 87' lang='lat' dir='ltr'>illa</span> <span class='ocrx_word' id='word_1_247' title='bbox 1075 2599 1161 2652; x_wconf 82' lang='lat' dir='ltr'>verba</span> 
     </span>
     <span class='ocr_line' id='line_1_29' title="bbox 151 2666 1159 2739; baseline 0 -16"><span class='ocrx_word' id='word_1_248' title='bbox 151 2670 194 2723; x_wconf 89' lang='lat' dir='ltr'>ita</span> <span class='ocrx_word' id='word_1_249' title='bbox 208 2669 347 2735; x_wconf 89' lang='lat' dir='ltr'>emendat,</span> <span class='ocrx_word' id='word_1_250' title='bbox 361 2670 393 2722; x_wconf 91' lang='lat' dir='ltr'>ut</span> <span class='ocrx_word' id='word_1_251' title='bbox 408 2666 474 2722; x_wconf 86' lang='lat' dir='ltr'>‘fuit</span> <span class='ocrx_word' id='word_1_252' title='bbox 488 2669 527 2722; x_wconf 91' lang='lat' dir='ltr'>et’</span> <span class='ocrx_word' id='word_1_253' title='bbox 546 2670 583 2723; x_wconf 91' lang='lat' dir='ltr'>ab</span> <span class='ocrx_word' id='word_1_254' title='bbox 596 2667 798 2739; x_wconf 86' lang='lat' dir='ltr'>interpolatore</span> <span class='ocrx_word' id='word_1_255' title='bbox 813 2669 940 2723; x_wconf 89' lang='lat' dir='ltr'>additum</span> <span class='ocrx_word' id='word_1_256' title='bbox 955 2684 1015 2722; x_wconf 87' lang='lat' dir='ltr'>esse</span> <span class='ocrx_word' id='word_1_257' title='bbox 1030 2667 1159 2736; x_wconf 83' lang='lat' dir='ltr'>coniciet,</span> 
     </span>
     <span class='ocr_line' id='line_1_30' title="bbox 150 2738 1161 2810; baseline -0.003 -15"><span class='ocrx_word' id='word_1_258' title='bbox 150 2756 238 2810; x_wconf 88' lang='lat' dir='ltr'>quam</span> <span class='ocrx_word' id='word_1_259' title='bbox 256 2740 442 2793; x_wconf 89' lang='lat' dir='ltr'>coniecturam</span> <span class='ocrx_word' id='word_1_260' title='bbox 461 2738 516 2794; x_wconf 91' lang='lat' dir='ltr'>etsi</span> <span class='ocrx_word' id='word_1_261' title='bbox 533 2739 564 2792; x_wconf 89' lang='lat' dir='ltr'>in</span> <span class='ocrx_word' id='word_1_262' title='bbox 582 2739 741 2795; x_wconf 88' lang='lat' dir='ltr'>universum</span> <span class='ocrx_word' id='word_1_263' title='bbox 759 2740 880 2808; x_wconf 89' lang='lat' dir='ltr'>accipio,</span> <span class='ocrx_word' id='word_1_264' title='bbox 898 2742 993 2794; x_wconf 87' lang='lat' dir='ltr'>tamen</span> <span class='ocrx_word' id='word_1_265' title='bbox 1012 2739 1161 2809; x_wconf 89' lang='lat' dir='ltr'>Pomponii</span> 
     </span>
     <span class='ocr_line' id='line_1_31' title="bbox 151 2809 1123 2880; baseline 0 -16"><span class='ocrx_word' id='word_1_266' title='bbox 151 2813 240 2866; x_wconf 81' lang='lat' dir='ltr'>verba</span> <span class='ocrx_word' id='word_1_267' title='bbox 258 2826 276 2863; x_wconf 86' lang='lat' dir='ltr'>a</span> <span class='ocrx_word' id='word_1_268' title='bbox 294 2809 455 2864; x_wconf 83' lang='lat' dir='ltr'>Triboniani</span> <span class='ocrx_word' id='word_1_269' title='bbox 474 2811 602 2864; x_wconf 87' lang='lat' dir='ltr'>adiutore</span> <span class='ocrx_word' id='word_1_270' title='bbox 620 2827 732 2879; x_wconf 88' lang='lat' dir='ltr'>prorsus</span> <span class='ocrx_word' id='word_1_271' title='bbox 749 2811 860 2864; x_wconf 82' lang='lat' dir='ltr'>mutata</span> <span class='ocrx_word' id='word_1_272' title='bbox 877 2826 938 2864; x_wconf 89' lang='lat' dir='ltr'>esse</span> <span class='ocrx_word' id='word_1_273' title='bbox 956 2810 1123 2880; x_wconf 82' lang='lat' dir='ltr'>putaverim.</span> 
     </span>
    </p>

    <p class='ocr_par' dir='ltr' id='par_1_6' title="bbox 151 2879 1164 3576">
     <span class='ocr_line' id='line_1_32' title="bbox 223 2879 1160 2937; baseline 0.001 -2"><span class='ocrx_word' id='word_1_274' title='bbox 223 2887 239 2934; x_wconf 74' lang='grc'>2</span> <span class='ocrx_word' id='word_1_275' title='bbox 259 2880 352 2935; x_wconf 87' lang='lat' dir='ltr'>Verba</span> <span class='ocrx_word' id='word_1_276' title='bbox 373 2879 428 2935; x_wconf 82' lang='lat' dir='ltr'>viri</span> <span class='ocrx_word' id='word_1_277' title='bbox 451 2880 609 2935; x_wconf 88' lang='lat' dir='ltr'>doctissimi</span> <span class='ocrx_word' id='word_1_278' title='bbox 632 2883 701 2935; x_wconf 89' lang='lat' dir='ltr'>haec</span> <span class='ocrx_word' id='word_1_279' title='bbox 720 2884 798 2934; x_wconf 76' lang='lat' dir='ltr'>sunt:</span> <span class='ocrx_word' id='word_1_280' title='bbox 822 2879 895 2934; x_wconf 81' lang='lat' dir='ltr'>‘dass</span> <span class='ocrx_word' id='word_1_281' title='bbox 913 2897 944 2935; x_wconf 91' lang='lat' dir='ltr'>er</span> <span class='ocrx_word' id='word_1_282' title='bbox 962 2881 1005 2936; x_wconf 93' lang='lat' dir='ltr'>bis</span> <span class='ocrx_word' id='word_1_283' title='bbox 1023 2881 1053 2936; x_wconf 92' lang='lat' dir='ltr'>in</span> <span class='ocrx_word' id='word_1_284' title='bbox 1071 2881 1160 2937; x_wconf 86' lang='lat' dir='ltr'>Neres</span> 
     </span>
     <span class='ocr_line' id='line_1_33' title="bbox 153 2949 1161 3022; baseline 0.002 -16"><span class='ocrx_word' id='word_1_285' title='bbox 153 2951 214 3007; x_wconf 87' lang='lat' dir='ltr'>Zeit</span> <span class='ocrx_word' id='word_1_286' title='bbox 226 2952 323 3022; x_wconf 84' lang='lat' dir='ltr'>gelebt</span> <span class='ocrx_word' id='word_1_287' title='bbox 334 2950 417 3018; x_wconf 88' lang='lat' dir='ltr'>habe,</span> <span class='ocrx_word' id='word_1_288' title='bbox 432 2950 501 3004; x_wconf 88' lang='lat' dir='ltr'>wird</span> <span class='ocrx_word' id='word_1_289' title='bbox 514 2950 644 3019; x_wconf 84' lang='lat' dir='ltr'>vielfach,</span> <span class='ocrx_word' id='word_1_290' title='bbox 660 2949 891 3006; x_wconf 86' lang='lat' dir='ltr'>wahrscheinlich</span> <span class='ocrx_word' id='word_1_291' title='bbox 905 2951 984 3006; x_wconf 90' lang='lat' dir='ltr'>nicht</span> <span class='ocrx_word' id='word_1_292' title='bbox 997 2951 1050 3008; x_wconf 91' lang='lat' dir='ltr'>mit</span> <span class='ocrx_word' id='word_1_293' title='bbox 1060 2952 1161 3020; x_wconf 86' lang='lat' dir='ltr'>Recht,</span> 
     </span>
     <span class='ocr_line' id='line_1_34' title="bbox 151 3021 1164 3092; baseline -0.001 -14"><span class='ocrx_word' id='word_1_294' title='bbox 151 3039 356 3092; x_wconf 83' lang='lat' dir='ltr'>angenommcn</span> <span class='ocrx_word' id='word_1_295' title='bbox 375 3021 471 3088; x_wconf 84' lang='lat' dir='ltr'>(Gaius</span> <span class='ocrx_word' id='word_1_296' title='bbox 492 3027 519 3087; x_wconf 81' lang='lat'>2,</span> <span class='ocrx_word' id='word_1_297' title='bbox 532 3022 616 3092; x_wconf 84' lang='lat' dir='ltr'>r1s)’.</span> <span class='ocrx_word' id='word_1_298' title='bbox 653 3025 811 3092; x_wconf 88' lang='lat' dir='ltr'>temporum</span> <span class='ocrx_word' id='word_1_299' title='bbox 833 3022 907 3076; x_wconf 92' lang='lat' dir='ltr'>enim</span> <span class='ocrx_word' id='word_1_300' title='bbox 930 3021 1039 3078; x_wconf 83' lang='lat' dir='ltr'>ratione</span> <span class='ocrx_word' id='word_1_301' title='bbox 1060 3022 1164 3078; x_wconf 88' lang='lat' dir='ltr'>ductus</span> 
     </span>
     <span class='ocr_line' id='line_1_35' title="bbox 152 3091 1162 3164; baseline 0 -16"><span class='ocrx_word' id='word_1_302' title='bbox 152 3111 208 3150; x_wconf 91' lang='lat' dir='ltr'>non</span> <span class='ocrx_word' id='word_1_303' title='bbox 232 3096 291 3147; x_wconf 81' lang='lat' dir='ltr'>tam</span> <span class='ocrx_word' id='word_1_304' title='bbox 314 3093 349 3148; x_wconf 88' lang='lat' dir='ltr'>de</span> <span class='ocrx_word' id='word_1_305' title='bbox 371 3093 492 3147; x_wconf 80' lang='lat' dir='ltr'>Mssurio</span> <span class='ocrx_word' id='word_1_306' title='bbox 516 3110 601 3162; x_wconf 87' lang='lat' dir='ltr'>quam</span> <span class='ocrx_word' id='word_1_307' title='bbox 624 3094 659 3147; x_wconf 91' lang='lat' dir='ltr'>de</span> <span class='ocrx_word' id='word_1_308' title='bbox 683 3092 777 3147; x_wconf 79' lang='lat' dir='ltr'>Caelio</span> <span class='ocrx_word' id='word_1_309' title='bbox 802 3091 905 3149; x_wconf 86' lang='lat' dir='ltr'>Sabino</span> <span class='ocrx_word' id='word_1_310' title='bbox 928 3093 976 3164; x_wconf 79' lang='lat' dir='ltr'>agi</span> <span class='ocrx_word' id='word_1_311' title='bbox 999 3096 1073 3162; x_wconf 87' lang='lat' dir='ltr'>vult,</span> <span class='ocrx_word' id='word_1_312' title='bbox 1097 3111 1162 3148; x_wconf 89' lang='lat' dir='ltr'>cnm</span> 
     </span>
     <span class='ocr_line' id='line_1_36' title="bbox 151 3161 1160 3233; baseline 0 -13"><span class='ocrx_word' id='word_1_313' title='bbox 151 3163 276 3231; x_wconf 80' lang='lat' dir='ltr'>Cassius,</span> <span class='ocrx_word' id='word_1_314' title='bbox 300 3163 415 3219; x_wconf 85' lang='lat' dir='ltr'>Masurii</span> <span class='ocrx_word' id='word_1_315' title='bbox 437 3180 588 3232; x_wconf 88' lang='lat' dir='ltr'>successor,</span> <span class='ocrx_word' id='word_1_316' title='bbox 611 3165 669 3218; x_wconf 88' lang='lat' dir='ltr'>iem</span> <span class='ocrx_word' id='word_1_317' title='bbox 688 3161 766 3218; x_wconf 72' lang='lat' dir='ltr'>aes</span> <span class='ocrx_word' id='word_1_318' title='bbox 785 3165 941 3233; x_wconf 79' lang='lat' dir='ltr'>relegatus,</span> <span class='ocrx_word' id='word_1_319' title='bbox 963 3164 1046 3219; x_wconf 89' lang='lat' dir='ltr'>huius</span> <span class='ocrx_word' id='word_1_320' title='bbox 1065 3170 1160 3220; x_wconf 85' lang='lat' dir='ltr'>autem</span> 
     </span>
     <span class='ocr_line' id='line_1_37' title="bbox 152 3233 1161 3318; baseline 0.001 -28"><span class='ocrx_word' id='word_1_321' title='bbox 152 3251 308 3304; x_wconf 86' lang='lat' dir='ltr'>successor,</span> <span class='ocrx_word' id='word_1_322' title='bbox 325 3234 436 3318; x_wconf 79' lang='lat' dir='ltr'>Caelius</span> <span class='ocrx_word' id='word_1_323' title='bbox 455 3233 587 3304; x_wconf 82' lang='lat' dir='ltr'>Sabinus,</span> <span class='ocrx_word' id='word_1_324' title='bbox 606 3237 662 3290; x_wconf 88' lang='lat' dir='ltr'>iam</span> <span class='ocrx_word' id='word_1_325' title='bbox 681 3251 706 3289; x_wconf 84' lang='lat' dir='ltr'>a.</span> <span class='ocrx_word' id='word_1_326' title='bbox 726 3240 760 3289; x_wconf 84' lang='grc'>69</span> <span class='ocrx_word' id='word_1_327' title='bbox 780 3234 878 3288; x_wconf 91' lang='lat' dir='ltr'>consul</span> <span class='ocrx_word' id='word_1_328' title='bbox 896 3234 988 3290; x_wconf 87' lang='lat' dir='ltr'>factus</span> <span class='ocrx_word' id='word_1_329' title='bbox 1006 3235 1052 3317; x_wconf 78' lang='lat' dir='ltr'>sit.</span> <span class='ocrx_word' id='word_1_330' title='bbox 1088 3253 1161 3305; x_wconf 88' lang='lat' dir='ltr'>quae</span> 
     </span>
     <span class='ocr_line' id='line_1_38' title="bbox 152 3305 1163 3449; baseline 0.001 -17"><span class='ocrx_word' id='word_1_331' title='bbox 152 3323 322 3449; x_wconf 56' lang='lat' dir='ltr'>letales</span> <span class='ocrx_word' id='word_1_332' title='bbox 343 3306 658 3447; x_wconf 64' lang='lat' dir='ltr'>stlttttfttt</span> <span class='ocrx_word' id='word_1_333' title='bbox 676 3305 966 3433; x_wconf 54' lang='lat' dir='ltr'>ttl’ttfflttltt</span> <span class='ocrx_word' id='word_1_334' title='bbox 985 3305 1163 3448; x_wconf 58' lang='lat' dir='ltr'>illmpiaffi</span> 
     </span>
     <span class='ocr_line' id='line_1_39' title="bbox 153 3445 1164 3518; baseline 0.004 -18"><span class='ocrx_word' id='word_1_335' title='bbox 153 3449 230 3515; x_wconf 89' lang='lat' dir='ltr'>cipes</span> <span class='ocrx_word' id='word_1_336' title='bbox 256 3447 422 3517; x_wconf 83' lang='lat' dir='ltr'>praesertim</span> <span class='ocrx_word' id='word_1_337' title='bbox 449 3449 617 3503; x_wconf 89' lang='lat' dir='ltr'>turbulentis</span> <span class='ocrx_word' id='word_1_338' title='bbox 645 3448 702 3502; x_wconf 89' lang='lat' dir='ltr'>illis</span> <span class='ocrx_word' id='word_1_339' title='bbox 729 3445 902 3517; x_wconf 86' lang='lat' dir='ltr'>temporibus</span> <span class='ocrx_word' id='word_1_340' title='bbox 930 3464 985 3504; x_wconf 88' lang='lat' dir='ltr'>nou</span> <span class='ocrx_word' id='word_1_341' title='bbox 1014 3465 1102 3518; x_wconf 85' lang='lat' dir='ltr'>usque</span> <span class='ocrx_word' id='word_1_342' title='bbox 1125 3450 1164 3504; x_wconf 84' lang='lat' dir='ltr'>ad</span> 
     </span>
     <span class='ocr_line' id='line_1_40' title="bbox 153 3517 919 3576; baseline 0.008 -7"><span class='ocrx_word' id='word_1_343' title='bbox 153 3519 273 3571; x_wconf 78' lang='lat' dir='ltr'>montom</span> <span class='ocrx_word' id='word_1_344' title='bbox 292 3519 383 3572; x_wconf 85' lang='lat' dir='ltr'>officio</span> <span class='ocrx_word' id='word_1_345' title='bbox 401 3518 511 3574; x_wconf 87' lang='lat' dir='ltr'>functos</span> <span class='ocrx_word' id='word_1_346' title='bbox 530 3535 589 3574; x_wconf 88' lang='lat' dir='ltr'>esse</span> <span class='ocrx_word' id='word_1_347' title='bbox 607 3517 691 3574; x_wconf 86' lang='lat' dir='ltr'>facile</span> <span class='ocrx_word' id='word_1_348' title='bbox 705 3518 772 3574; x_wconf 91' lang='lat' dir='ltr'>licet</span> <span class='ocrx_word' id='word_1_349' title='bbox 784 3517 919 3576; x_wconf 88' lang='lat' dir='ltr'>conicere.</span> 
     </span>
    </p>
   </div>
   <div class='ocr_carea' id='block_1_6' title="bbox 0 0 1295 3888">
    <p class='ocr_par' dir='ltr' id='par_1_7' title="bbox 0 0 1295 3888">
     <span class='ocr_line' id='line_1_41' title="bbox 0 0 1295 3888; baseline 0 0"><span class='ocrx_word' id='word_1_350' title='bbox 0 0 1295 3888; x_wconf 95' lang='lat' dir='ltr'> </span> 
     </span>
    </p>
   </div>
  </div>
 </body>
</html>
