2568 3890
455 144 480 194 8.
505 139 534 194 (l.
554 139 685 196 ATElUS
704 139 833 198 OAPH'O
1083 138 1151 204 279

226 303 277 370 33.
306 300 388 368 Ibid.
411 337 459 350 --
479 299 596 386 Capita
623 300 755 366 deorum
782 301 1029 387 appellabantur
1055 303 1150 370 fasci·

136 391 202 458 culi
223 391 302 456 sacci
325 413 365 456 ex
387 389 545 456 verbenis.

226 481 278 547 34.
305 478 386 545 Ibid.
410 515 454 527 —-
476 476 669 561 (lonsiplum
691 478 791 542 clavis
814 479 1000 562 praefixum.

227 568 278 635 35.
301 568 384 633 lbid.
398 605 439 616 -
455 566 681 634 Ocmiscarum
700 566 846 631 divarum
863 568 952 632 locus
971 573 1041 634 erat
1056 574 1148 634 trans

10 703 11 740 p
137 655 280 724 Tiberim
299 657 482 724 cornicibus
502 647 634 738 diculus,
653 655 738 740 quod
756 656 791 720 in
807 654 940 721 Iunonis
958 656 1061 722 tutela
1079 680 1148 724 csse

135 747 342 830 putabantur.

323 910 376 971 IV.
403 911 453 970 De
476 910 555 970 iaus
579 909 846 970 sacrificiorum
869 909 965 969 libii.

226 1035 403 1096 Laudantur
415 1034 486 1095 libri
500 1034 659 1094 aMacrcb.
671 1033 733 1094 Sal.
743 1035 773 1111 3,
786 1037 835 1118 10,
846 1037 879 1095 3:
893 1028 993 1094 ‘cuius
1004 1026 1058 1115 (sc.
1068 1036 1150 1096 Ateii

136 1117 305 1204 Capitonis)
338 1124 432 1185 verba
462 1143 498 1184 ex
528 1123 606 1184 libro
641 1123 739 1200 primo
771 1124 808 1182 ds
839 1123 904 1183 iure
936 1123 1149 1185 sacrificiorum

135 1212 210 1272 hacc
233 1207 323 1273 sunt’.
360 1231 435 1291 ques
457 1213 550 1273 libros
572 1211 652 1290 quod
674 1212 842 1289 complures
865 1212 924 1274 viri
946 1214 1026 1274 docti
1050 1215 1149 1290 operis

137 1301 174 1360 ue
201 1301 267 1362 iure
294 1300 447 1378 pontificio
474 1306 591 1377 partem
617 1300 711 1360 fuisse
737 1302 857 1377 volunt,
888 1301 1010 1378 probari
1036 1304 1149 1380 nequii.

136 1389 220 1451 Ioers
238 1391 258 1450 Ι.
279 1410 302 1451 c.
326 1411 354 1467 p.
374 1392 469 1451 1906.
515 1389 620 1450 similis
648 1390 819 1467 argumenti
844 1390 938 1451 libros
966 1391 1150 1469 scripserunt

136 1477 280 1541 Octavius
316 1477 499 1539 Hersennius
537 1471 567 1558 (Ι
586 1475 678 1556 110),
715 1477 851 1538 Servius·
869 1479 1019 1555 Sulpicius
1051 1481 1148 1543 Rufus

136 1559 169 1649 (Ι
186 1563 279 1647 224),
314 1567 442 1628 Grauius
474 1567 602 1627 Flaccus
634 1557 772 1648 (1261).
827 1565 932 1644 Capite
964 1569 996 1627 id
1027 1570 1148 1630 videtur

135 1660 297 1734 spectasse,
315 1662 352 1716 ut
370 1655 569 1719 Octavianum
586 1655 762 1734 Augustum
780 1655 813 1714 iu
830 1656 923 1716 sacris
941 1659 1147 1720 restaurandis

136 1746 301 1808 adiuvaret.
351 1746 398 1806 his
428 1764 547 1822 quoque
574 1744 659 1804 libris
686 1743 810 1804 Verrius
837 1744 963 1806 Flaccus
990 1765 1064 1807 usus
1092 1751 1148 1809 ssl.

563 1940 671 2000 Liber
693 1941 717 2000 I.

370 2011 447 2120 Quas
462 2049 567 2106 licslics
585 2049 651 2104 Ioci
667 2049 808 2106 immolare
825 2049 913 2106 liccat.
929 2061 930 2065 ’

225 2160 255 2224 1.
272 2155 1147 2251 Maurusius,10,3.-cuius(se.Aeolicapuonis)

134 2247 233 2312 verba
256 2269 294 2312 ex
316 2248 401 2313 libro
424 2247 528 2332 primo
552 2247 590 2312 de
612 2249 682 2312 iure
706 2247 934 2314 sacrificiorum
952 2249 1033 2316 haec
1057 2257 1146 2319 suut:

133 2335 246 2420 Itaque
266 2335 338 2402 Ioci
360 2340 451 2402 tamo
472 2357 556 2401 verre
577 2338 672 2401 ariete
693 2337 852 2402 immolati
872 2359 936 2403 non
959 2339 1032 2405 licet.

223 2425 254 2492 2.
275 2423 356 2491 Isiu
370 2425 401 2506 3,
417 2426 468 2508 10,
482 2425 510 2489 Ἰ.
537 2461 576 2470 -
602 2426 715 2491 Ateius
813 2423 929 2509 Oapito
1029 2430 1146 2498 adiecit

133 2511 213 2580 haec
226 2514 339 2582 verba:
356 2513 396 2580 Si
406 2513 476 2598 quis
487 2513 566 2594 forte
580 2517 669 2578 uuro
681 2513 752 2578 Iovi
763 2514 877 2599 fecerit,
888 2516 1052 2596 piaculum
1064 2521 1145 2586 dato.

456 2714 507 2772 Ex
529 2712 681 2772 incertis
703 2711 821 2775 libris.

468 2819 514 2878 Dc
531 2822 645 2880 acaurio
662 2820 807 2888 sacrificia.

222 2932 253 2998 3.
280 2929 367 2996 Fesu
387 2927 474 2996 285⁸.
500 2966 538 2976 -
563 2929 689 2996 Rutilae
711 2950 810 3015 canas,
831 2931 866 2996 id
889 2935 934 2996 esl
953 2952 1016 2996 nou
1031 2936 1145 3016 procul

131 3041 154 3086 a
170 3021 265 3086 muco
282 3020 387 3103 calore,
409 3020 621 3104 immolualar,
643 3024 681 3085 ut
703 3019 750 3084 ail
768 3019 883 3087 Ateius
901 3017 1027 3105 Capito,
1049 3043 1143 3088 cunc·

131 3111 182 3176 rio
212 3109 362 3192 samum
388 3129 449 3192 pro
476 3108 619 3192 fraycus
648 3109 852 3192 capream
877 3111 1023 3178 saevitiae
1048 3131 1144 3178 casua

130 3199 242 3266 sideris
263 3198 428 3265 ccumlce.

473 3311 518 3370 Dc
534 3308 671 3377 sacrificio
689 3308 802 3364 Cereali.

221 3412 251 3475 4.
278 3409 363 3476 Fesl
382 3406 472 3476 238¹&
502 3447 542 3459 —
570 3409 707 3474 Porcam
737 3430 871 3476 auream·
896 3415 929 3476 et
956 3410 1145 3499 argeulcam'

132 3498 195 3565 dici
218 3501 266 3565 aii
288 3497 404 3584 Oapilo
428 3499 558 3583 Ateius,
583 3519 673 3583 quas,
697 3501 729 3563 cl
752 3497 782 3564 si
803 3520 937 3566 numero
960 3501 1142 3570 hostiarum
