2506 3880
363 171 406 221 -'1.
428 163 466 219 M.
483 164 675 222 ANTISTIUS
693 165 813 222 LABEO
1037 166 1102 230 105

204 351 289 426 (laod
309 351 385 425 falso
407 356 498 411 tatere
519 357 767 427 auctmentum
789 369 848 412 esse
869 354 992 412 dicatur.

178 471 233 537 52.
252 469 292 534 D.
302 471 353 554 27,
364 471 393 554 6,
403 472 433 536 2.
465 469 585 535 Ρ66166
600 471 685 535 libro
700 469 887 536 duodecimo
906 472 947 536 ad
961 471 1100 537 edietum

87 557 138 713 (P.
150 557 245 645 236).
261 595 300 606 -
317 558 364 625 ‘Si
381 559 437 644 id',
455 559 561 644 inquit
579 557 747 646 (praetor),
764 559 867 625 ‘actor
884 559 1101 646 ignoraverit?

116 649 218 715 abeo:
242 650 275 713 et
298 649 325 712 ri
348 647 468 713 dictum
492 649 535 712 sit
555 649 585 713 ei
603 654 637 715 et
655 649 740 714 bona
757 649 821 713 fide
837 671 903 714 non
923 649 1103 715 crediderit.

180 738 234 803 53.
257 736 298 801 D.
316 737 368 817 27,
383 737 412 820 6,
426 737 456 819 9,
473 740 501 803 1.
545 735 706 822 Ulpianus
734 737 818 802 libro
847 737 1033 804 duodecimo
1060 738 1101 804 ad

87 827 233 894 edictum
247 821 297 913 (Ρ.
306 825 396 908 424).
413 862 450 871 -
467 826 535 890 Has
554 826 588 890 in
607 825 729 891 factum
744 827 886 892 actiones
900 825 1102 912 heredi[bus]

88 915 223 1001 quidem
260 918 440 998 competere
473 915 649 999 ceterisque
691 915 943 999 successoribus,
978 916 1013 980 iu
1046 935 1101 980 eos

88 1027 167 1070 vero
186 1024 254 1069 non
271 1002 361 1068 reddi
379 1002 486 1067 Labeo
506 1004 619 1069 scribit
636 1025 695 1068 nec
713 1005 748 1068 in
765 1004 870 1087 ipsum
887 1008 963 1088 post
980 1025 1102 1070 annum

89 1093 260 1179 [quoniam
281 1095 314 1156 et
331 1091 453 1156 factum
472 1093 611 1175 puniunt
628 1097 662 1157 et
680 1093 714 1156 in
729 1091 839 1158 dolum
854 1092 1103 1178 concipiuntur}

198 1275 255 1350 (lai
278 1276 432 1335 arbitrium
453 1277 622 1349 receperint,
645 1280 679 1336 at
699 1278 868 1336 sententiam
890 1236 1013 1340 dicarit·

181 1394 234 1459 54.
262 1392 300 1459 D.
319 1395 349 1475 4,
368 1395 398 1471 8,
416 1395 437 1459 3
454 1415 503 1478 pr.
551 1392 642 1459 Idem
670 1391 862 1483 (Ulpianus)
884 1394 976 1459 libro
1004 1394 1103 1459 tertio

90 1483 216 1548 decimo
241 1480 280 1546 ad
304 1482 443 1546 edietum
464 1479 514 1569 (P.
528 1480 616 1569 451).
636 1519 679 1529 —
697 1481 804 1548 Labeo
828 1485 882 1566 ait,
906 1483 935 1547 si
957 1504 1103 1567 compro-

91 1572 191 1636 misso
224 1571 311 1635 facto
341 1572 501 1635 sententia
534 1572 619 1635 dicta
646 1575 709 1657 est,
742 1593 804 1656 quo
833 1573 904 1656 quis
932 1587 955 1636 a'
978 1572 1103 1636 minore

91 1660 209 1746 viginti
232 1660 370 1744 quinque
393 1661 487 1724 aunis
505 1660 627 1725 tutelae
647 1660 878 1744 absolveretur,
901 1665 1008 1724 ratum
1031 1660 1064 1725 id
1083 1683 1103 1725 a

91 1751 241 1833 praetore
263 1769 328 1813 non
350 1748 542 1813 habendum.

180 1836 232 1902 55.
255 1835 295 1901 D.
309 1836 340 1920 4,
354 1838 383 1918 8,
399 1834 449 1900 15.
494 1835 656 1921 Ulpianus
685 1836 768 1903 libro
791 1837 891 1903 tertio
915 1836 1037 1903 decimo
1062 1837 1102 1903 ad

93 1925 234 1990 edietum
253 1922 302 2011 (P
316 1921 422 2012 45612).
436 1961 479 1972 -
496 1923 588 1991 Licet
677 1929 808 2010 praetor
827 1926 978 1991 destricte
998 1926 1103 1992 edicat

93 2014 287 2080 seutentiam
325 2035 359 2078 se
395 2013 552 2078 arbitmm
587 2013 691 2079 dicere
723 2017 923 2101 coacturum,
959 2019 1104 2080 attamen
1223 2046 1225 2053 ·

92 2103 256 2169 interdum
278 2103 440 2168 rationem
463 2104 531 2167 eius
553 2102 673 2168 habere
696 2102 792 2168 debet
814 2109 848 2169 et
866 2105 1103 2170 excusationem

93 2193 235 2276 recipere
258 2212 355 2256 eausa
378 2191 522 2276 cognita:
549 2194 586 2256 ut
612 2196 692 2277 puta
714 2193 742 2257 si
764 2192 863 2258 fuerit
885 2193 1060 2260 infamatus
1084 2215 1104 2258 6

94 2280 325 2365 litigatoribus,
349 2284 406 2344 aut
429 2279 457 2345 si
480 2280 667 2345 inimicitiae
691 2281 846 2366 capitales
869 2282 953 2348 inter
976 2305 1049 2348 eum
1071 2287 1104 2347 66

13 2373 14 2436 s
95 2368 279 2455 litigatores
307 2372 364 2434 aut
387 2370 523 2434 alterum
548 2391 586 2434 ex
609 2368 830 2453 litigatoribus
853 2371 1104 2454 intercesserint,

44 2467 46 2472 '
96 2461 152 2521 aut
179 2459 208 2524 si
236 2461 324 2523 aetas
353 2460 409 2522 aut
437 2458 586 2523 valetudo
616 2480 698 2542 quae
720 2463 836 2542 postea
859 2460 997 2544 contigit
1020 2459 1051 2523 id
1075 2461 1104 2523 ei

13 2607 14 2610 ,
96 2567 212 2611 munus
231 2547 388 2631 remittat,
411 2550 467 2611 aut
490 2549 660 2630 occupatio
678 2547 881 2631 negotiorum
899 2547 1104 2631 propriorum

13 2707 15 2730 ,
94 2634 146 2699 vel
167 2635 326 2720 profectio
349 2654 490 2718 urguens
514 2639 571 2700 aut
588 2656 704 2698 munus
724 2634 856 2720 aliquod
875 2635 1104 2717 reipublicae:

13 2733 15 2776 t
95 2724 130 2786 et
149 2723 197 2790 ita
219 2722 337 2789 Labeo.

13 2839 15 2848 ’
183 2813 235 2878 56.
258 2812 298 2878 D.
310 2813 341 2893 4,
356 2813 386 2896 8,
403 2814 453 2895 ll,
469 2813 497 2879 1.
547 2811 708 2897 Ulpianus
741 2810 827 2876 libro
854 2811 952 2876 tertio
981 2809 1104 2876 decimo

13 2885 15 2984 l
96 2899 138 2964 ad
156 2901 293 2967 edictum
311 2897 360 2989 (P.
374 2899 535 2988 45606.-
557 2899 590 2967 si
614 2901 717 2968 multo
740 2904 816 2986 post
838 2903 1041 2966 revertantur
1064 2900 1104 2964 ad

13 2991 15 3020 '
96 2988 251 3054 arbitrum
278 2990 477 3076 litigatores,
507 3013 573 3056 non
604 3012 674 3057 esse
702 2989 883 3075 cogendum
911 2987 1104 3055 sententiam

13 3109 14 3116 .
97 3076 200 3143 dicere
222 3077 332 3144 Labeo
356 3078 477 3146 scribit.

187 3167 237 3233 57.
260 3168 300 3233 D.
314 3169 345 3250 4,
359 3169 389 3250 8,
406 3167 446 3232 19
460 3190 508 3254 pr.
549 3167 670 3232 Paulus
693 3167 777 3233 libro
800 3167 898 3232 tertio
923 3166 1045 3232 decimo
1065 3166 1106 3230 ad

13 3261 14 3264 ’
97 3252 234 3322 edictum
249 3252 297 3344 (P.
308 3252 398 3344 245).
411 3293 449 3303 -
462 3255 596 3334 Qualem
669 3256 864 3321 sententiam
877 3255 963 3321 dieat
976 3255 1106 3341 arbiter,

99 3341 144 3406 ad
161 3349 336 3427 praetorem
355 3366 422 3411 non
440 3345 602 3430 pertinere
620 3343 729 3409 Labeo
749 3345 803 3429 ait,
827 3344 1000 3410 dummodo
1020 3343 1106 3410 dicat

13 3445 14 3450 ’
99 3433 183 3514 quod
205 3434 266 3519 ipsi
289 3435 424 3499 videtur.
807 3517 810 3524 Ι

188 3522 237 3591 58.
260 3522 299 3590 D.
318 3523 349 3608 4,
364 3524 393 3604 8,
408 3522 450 3588 25
465 3543 512 3606 pr.
560 3520 719 3606 Ulpianus
745 3521 831 3585 libro
859 3519 955 3584 tertio
982 3520 1106 3586 decimo
