2506 3880
380 142 403 190 7.
427 136 464 192 Μ.
483 133 676 190 ANTISTIUS
694 134 812 190 LABEO
1039 132 1104 198 135

13 359 15 362 .
87 301 216 385 tuleris,
246 321 319 364 cum
346 299 379 363 id
401 303 434 364 te
457 299 561 365 facere
585 299 773 378 vetuissem,
801 320 996 385 quamquam
1018 297 1103 363 nihil

87 390 200 456 damni
227 388 342 454 feceris
370 387 451 452 mihi
478 409 537 453 nec
564 387 655 452 fundi
682 388 746 452 mei
773 387 964 472 mutaveris,
990 391 1101 453 tamen

13 555 14 560 γ
86 479 191 545 teneri
223 482 257 542 te
289 476 374 563 quod
406 477 439 542 vi
472 480 528 541 aut
560 477 644 540 elam
674 476 845 541 Trebatius
879 477 934 542 ait.
989 476 1100 544 Labeo

86 573 217 652 contra,
244 588 285 630 ne
313 566 412 630 ctiam
439 565 481 650 is,
509 565 565 651 qui
592 565 762 629 dumtaxat
788 565 850 629 iter
876 587 935 649 per
962 565 1098 632 fundum

85 679 195 723 meum
218 654 331 721 fecerit
354 657 411 720 aut
431 653 559 720 bovem¹
584 654 687 738 egerit
711 656 886 718 venatusve
908 653 1007 720 fuerit
1030 655 1100 722 sine

87 747 154 812 ullo
179 765 286 828 opere,
308 743 370 808 hoc
393 743 566 808 interdicto
591 745 748 808 teneatur.

331 915 365 976 Si
387 935 460 992 opus
480 935 587 976 mooun
609 917 776 975 minitatum
799 917 859 975 erit.

176 1028 252 1092 222.
271 1025 310 1091 D.
325 1027 377 1112 39,
389 1029 417 1112 1,
426 1027 479 1108 20,
488 1028 518 1093 8.
553 1025 716 1110 Ulpianus
733 1025 817 1096 libro
837 1027 1099 1111 septuagensimo

84 1118 193 1204 primo
214 1115 255 1180 ad
274 1115 412 1181 edictum
432 1113 482 1203 (P.
499 1111 609 1202 1603).
624 1152 665 1161 -
686 1115 785 1179 ...ai
803 1118 987 1199 quaeratur,
1006 1137 1047 1180 cn
1066 1116 1101 1182 in

84 1206 239 1272 heredem
258 1205 335 1288 cius,
355 1206 408 1288 qui
427 1227 508 1289 opus
526 1205 612 1288 fecit,
631 1202 837 1268 interdictum
851 1205 913 1268 hoc
927 1208 1100 1290 competat,

84 1294 254 1362 sciendum
285 1297 335 1357 est
362 1293 544 1358 Labeonem
578 1293 781 1357 existimasse
810 1292 846 1356 in
878 1292 911 1357 id
944 1294 1029 1379 quod
1058 1295 1100 1360 ad

84 1406 158 1450 eum
182 1383 332 1467 pervenit
355 1383 523 1446 dumtaxat
545 1381 616 1446 dari
640 1383 788 1466 oportere
808 1382 858 1445 vel
878 1382 1002 1468 siquid
1022 1382 1097 1449 dolo

83 1474 171 1539 mulo
196 1472 298 1556 ipsius
321 1470 443 1536 factum
467 1471 520 1553 sit,
543 1492 606 1554 quo
631 1471 738 1534 minus
761 1471 951 1554 perveniret.
1031 1485 1034 1493 ·

489 1645 536 1704 De
556 1646 697 1718 precario.
739 1631 741 1634 ⁵

12 1789 17 1798 ·
173 1756 249 1822 223.
286 1753 325 1819 D.
339 1755 392 1838 43,
407 1755 459 1838 26,
474 1756 503 1838 8,
519 1757 547 1818 1.
597 1751 757 1836 Ulpianus
790 1753 875 1818 libro
904 1758 1096 1839 septuagen-

82 1849 166 1912 simo
186 1845 292 1930 primo
312 1843 352 1908 ad
372 1837 711 1930 edictum(P.1607‘).
728 1878 765 1888 —
783 1840 877 1916 Quod
892 1865 911 1907 a
924 1841 1012 1908 Titio
1026 1867 1097 1927 pro·
1140 1869 1142 1874 ’

81 1937 171 2000 cario
201 1935 273 2017 quis
300 1934 441 2017 rogavit,
468 1931 502 1996 id
530 1933 628 1996 etiam
652 1932 692 1996 ab
716 1931 831 1995 herede
855 1931 924 1996 eius
946 1934 1094 2018 precario

80 2025 205 2090 habere
228 2021 423 2088 videtur...
443 2041 519 2106 ergo
544 2024 577 2085 et
600 2043 619 2085 a
641 2019 756 2084 ceteris
781 2022 1018 2087 successoribus
1038 2023 1094 2088 hu·

79 2114 158 2178 bere
183 2111 255 2196 quis
278 2112 423 2195 precario
446 2112 595 2175 videtur.
625 2109 711 2173 idem
734 2113 768 2174 et
790 2107 899 2176 Labeo
922 2112 1041 2194 probat
1064 2117 1097 2177 et

11 2205 12 2240 ³
80 2202 196 2280 adicit,
229 2201 356 2264 etiamsi
389 2200 517 2284 ignoret
548 2198 620 2282 quis
652 2197 817 2283 heredem,
849 2204 959 2265 tamen
991 2201 1095 2266 videri

11 2323 14 2356 v
80 2313 156 2357 eum
182 2290 223 2354 ab
246 2288 363 2354 herede
385 2287 531 2373 precario
554 2287 680 2352 habere.

11 2385 12 2388 ’
171 2377 247 2442 224.
269 2376 309 2441 Ι).
322 2376 399 2442 ibid.
413 2377 466 2457 §7
487 2374 536 2464 (P.
552 2373 662 2463 1610).
680 2411 725 2422 -
743 2374 952 2442 Interdictum
973 2379 1036 2444 hoc
1059 2383 1093 2444 et

11 2539 12 2544 ,
78 2473 158 2553 post
180 2488 301 2530 annum
324 2468 506 2550 competere
529 2465 638 2529 Labeo
662 2465 784 2529 scribit.

170 2553 246 2620 225.
283 2552 322 2617 D.
340 2554 393 2637 43,
413 2554 466 2633 26,
484 2554 537 2635 22,
558 2556 586 2618 1.
640 2552 730 2617 Idem
762 2550 969 2639 (Venuleius)
1002 2554 1088 2622 libro

78 2645 179 2711 tertio
199 2643 445 2708 interdictorum
460 2639 508 2727 (P.
525 2641 590 2728 19).
610 2676 651 2687 -
671 2637 706 2704 si
724 2640 867 2723 pupillus
886 2641 955 2704 sine
974 2644 1091 2708 tutoris

11 2751 13 2810 g
79 2733 278 2800 auctoritate
301 2731 446 2816 precario
469 2731 648 2818 rogaverit,
674 2727 783 2793 Labeo
806 2728 854 2793 uit
876 2728 995 2792 habere
1018 2751 1092 2795 eum

11 2829 12 2874 3
76 2820 261 2909 precariam
279 2820 518 2905 possessionem
538 2823 571 2883 et
589 2819 650 2884 hoc
668 2817 841 2884 interdicto
860 2818 972 2882 teneri.
1013 2839 1092 2883 nam

76 2907 1091 3082 ttdttttdtPitztzttttsstz.dnthdttt?

77 3091 159 3174 quia
186 3087 272 3171 quod
300 3087 466 3171 possideat
493 3108 532 3151 ex
561 3107 599 3150 ea
627 3107 725 3150 causa
751 3021 928 3169 poshideat,
960 3107 999 3150 ex
1027 3047 1093 3171 quai

11 3213 12 3220 .
76 3178 260 3263 rogaverit:
283 3174 429 3260 nihilque
451 3176 527 3240 novi
545 3194 603 3258 per
620 3176 804 3257 praetorem
822 3174 1093 3258 constituendum,
1176 3179 1181 3186 '

11 3289 12 3300 ¹
75 3265 248 3354 qnoniam,
281 3265 347 3330 sive
380 3264 500 3328 habeat
527 3284 605 3338 rem,
638 3260 746 3325 officio
774 3260 887 3325 iudicis
915 3264 1089 3350 teneretur,

74 3357 147 3423 sive
170 3377 235 3420 non
258 3354 395 3437 habeat,
418 3374 484 3417 non
507 3352 665 3416 teneatur.

152 3518 168 3566 1
187 3511 233 3567 ΓΙ.
252 3526 342 3568 avem.
