2506 3880
378 167 402 216 ⁷.
424 161 462 216 Μ.
478 148 671 216 ANTISTIUS
689 160 808 216 LABEO
829 215 831 220 ,
1053 161 1096 225 97

178 326 207 392 8.
238 324 279 389 D.
294 325 324 402 2,
341 323 389 406 14,
404 324 433 403 1,
449 323 499 388 14.
540 323 699 408 Ulpianus
722 323 806 388 libro
830 327 945 408 quarto
969 323 1009 388 ad
1033 324 1103 388 edi·-

94 420 176 481 etum
201 410 251 501 (P.
266 406 367 498 247⁶).
385 447 429 458 -
449 410 482 476 si
505 412 660 496 paciscar,
682 433 723 476 ne
747 413 852 496 operis
874 413 951 477 novi
967 413 1093 477 nuntia·

92 505 210 570 tionem
230 523 395 586 exsequar,
413 500 544 583 quidam
561 505 679 585 putant
697 522 763 566 non
781 502 889 566 valere
902 502 1096 587 pactionem,

92 593 182 678 quasi
197 592 232 656 in
246 612 284 655 ea
293 611 326 654 re
340 589 498 675 praetoris
512 589 685 675 imperium
693 592 851 654 versetur:
865 588 973 656 Labeo
988 595 1096 656 autem

91 679 270 766 distinguit,
295 682 341 762 ut,
364 678 392 742 si
415 701 454 742 ex
475 699 510 742 re
533 677 685 743 familiari
709 679 816 763 operis
838 679 915 744 novi
936 680 1096 746 nuntiatio

90 772 132 836 sit
153 769 255 849 faeta,
281 768 378 832 lieeat
403 767 537 850 pacisci,
564 768 592 831 si
619 767 658 831 de
680 789 715 831 re
737 766 882 853 publiea,
905 789 972 832 non
994 769 1097 833 liceat.

178 857 207 922 9.
232 856 272 921 D.
287 857 316 940 2,
332 856 383 938 14,
397 855 449 938 25,
465 857 493 922 1.
522 855 613 920 Idem
627 853 683 941 (se.
698 853 831 943 Paulus)
844 855 928 921 libro
943 858 1042 921 tertio
1058 859 1098 923 ad

91 947 231 1013 edietum
249 942 299 1032 (P.
316 941 415 1030 127⁶).
434 982 478 991 -
496 943 669 1010 Personale
692 948 824 1029 paetum
848 945 888 1009 ad
911 944 1010 1010 alium
1033 967 1098 1010 non

90 1035 266 1122 pertinere,
290 1031 557 1118 quemadmodum
581 1054 639 1098 nee
663 1033 888 1117 adhererem,
911 1033 1019 1098 Labeo
1043 1035 1098 1098 ait.

182 1123 232 1189 10.
265 1121 302 1186 D.
317 1124 347 1202 2,
364 1123 414 1206 14,
429 1123 471 1186 27
482 1144 529 1204 pr.
578 1121 699 1188 Paulus
729 1122 812 1187 libro
840 1122 937 1188 tertio
966 1122 1005 1186 ad
1034 1122 1098 1187 edi·
1218 1155 1222 1162 ·

89 1216 179 1280 otum
204 1211 253 1297 (Ρ.
269 1207 370 1297 1271).
394 1246 437 1258 —
461 1209 497 1275 si
522 1232 604 1275 unus
627 1233 665 1276 ex
689 1211 883 1296 argentariis
907 1211 1001 1276 sociis
1026 1233 1098 1276 eum

91 1302 237 1366 debitore
263 1302 378 1383 paetus
402 1299 458 1383 sit,
489 1320 530 1363 an
554 1299 651 1364 etiam
675 1300 768 1364 alteri
792 1303 905 1365 noeeat
928 1299 1098 1384 exceptio?

89 1389 245 1456 Neratius
264 1388 436 1453 Atilicinus
456 1387 621 1472 Proculus,
643 1410 703 1453 neo
727 1390 754 1453 si
772 1387 807 1452 in
825 1411 894 1453 rem
912 1393 1026 1473 paetus
1047 1389 1099 1469 sit,
1230 1403 1232 1407 ·

90 1479 185 1545 alteri
212 1499 339 1543 nocere:
372 1480 501 1541 tantum
529 1477 615 1541 enim
643 1479 869 1562 constitutum,
897 1483 933 1542 ut
960 1477 1098 1542 solidum
1192 1549 1194 1553 ,

88 1569 174 1633 alter
209 1572 318 1650 petere
351 1566 464 1650 possit.
509 1564 593 1630 idem
621 1564 742 1632 Labeo:
778 1587 854 1630 nam
886 1587 945 1631 nee
976 1588 1097 1631 novare

89 1656 190 1722 alium
217 1676 326 1739 posse,
355 1653 500 1739 quamvis
528 1655 557 1718 ei
585 1655 676 1719 reete
700 1655 857 1720 solvatur:
886 1655 931 1720 sie
954 1656 1039 1720 enim
1062 1659 1096 1720 et

88 1746 154 1829 his,
188 1744 244 1829 qui
276 1743 311 1807 in
337 1746 451 1808 nostra
478 1745 640 1826 potestate
668 1747 757 1825 sunt,
784 1747 870 1809 reete
898 1744 982 1809 solvi
1010 1744 1095 1828 quod

91 1832 300 1917 credideriut,
321 1832 398 1897 lieet
419 1853 539 1896 novare
562 1853 628 1896 uon
650 1832 785 1916 possint.

408 2025 449 2082 In
470 2025 517 2083 ius
538 2027 632 2084 vorati
653 2027 686 2084 at
708 2029 781 2084 eant.

181 2144 233 2209 11.
250 2141 290 2207 D.
300 2142 410 2228 2,4,4,
419 2121 453 2206 3.
484 2141 644 2226 Ulpianus
663 2143 748 2209 libro
769 2144 880 2228 quinto
900 2144 940 2208 ad
959 2145 1098 2211 edietum
1228 2123 1230 2128 ,

35 2281 39 2286 .
87 2230 140 2320 (P.
159 2231 249 2317 260).
271 2269 316 2278 -
338 2231 494 2310 Parentes
522 2230 619 2296 etiam
647 2253 701 2297 eos
730 2234 833 2317 aeoipi
855 2232 964 2299 Labeo
992 2235 1100 2298 eristi-

88 2326 167 2410 mat,
188 2320 244 2405 qui
261 2321 295 2384 in
310 2322 463 2384 servitute
479 2325 694 2406 susceperunt,
712 2343 772 2386 nee
785 2327 893 2386 tamen
909 2319 1100 2410 (tantum),

88 2414 126 2474 ut
149 2409 287 2476 Severus
312 2409 449 2491 dicebat,
473 2408 512 2472 ad
537 2410 623 2475 solos
645 2409 748 2475 iustos
770 2411 899 2475 liberos.

182 2499 233 2564 12.
264 2498 304 2563 D.
319 2498 393 2580 2,4,
409 2499 459 2563 11.
505 2496 625 2563 Paulus
648 2498 733 2563 libro
756 2503 872 2580 quarto
896 2498 937 2562 ad
961 2499 1099 2564 edietum
1160 2561 1161 2564 ,
1214 2517 1216 2521 ·

90 2585 140 2672 (Ρ.
153 2585 256 2672 134⁸).
269 2622 315 2634 —
329 2585 482 2662 Quamvis
497 2608 564 2651 non
579 2585 696 2651 adiciat
709 2589 841 2670 praetor
856 2607 954 2650 eausa
968 2588 1099 2670 cognita

91 2697 127 2739 se
150 2676 297 2760 poenale
311 2675 466 2740 iudicium
489 2675 649 2760 daturum,
671 2678 781 2739 tamen
799 2672 907 2738 Labeo
932 2674 978 2737 ait
996 2673 1101 2738 mode·

90 2764 227 2829 rendam
251 2764 520 2830 iurisdietionem:
544 2764 644 2828 veluti
666 2764 694 2827 si
715 2763 880 2849 paeniteat
897 2763 1049 2826 libertum
1068 2768 1101 2827 et

89 2854 253 2920 actionem
273 2852 432 2918 remittat:
451 2854 502 2919 vel
522 2854 549 2917 si
566 2857 721 2937 patronus
736 2856 869 2919 voeatus
884 2874 949 2918 non
962 2850 1099 2917 venerit:
1124 2929 1126 2932 Ι

4 2951 5 3018 j
88 2946 152 3006 aut
174 2944 202 3007 si
225 2964 294 3007 non
310 2941 438 3006 invitus
461 2947 594 3007 voeatus
618 2942 670 3026 sit,
693 2943 769 3008 lieet
791 2942 888 3007 edicti
910 2941 1009 3007 verba
1032 2961 1098 3005 non

4 3031 5 3082 ἶ
84 3031 266 3114 patiantur.

4 3147 5 3150 ’
386 3132 443 3208 (lai
466 3136 581 3194 omnmo
603 3151 640 3192 ne
656 3135 809 3207 postulent.
880 3145 892 3208 Ἴ·

4 3321 5 3334 ,
184 3253 234 3318 13.
257 3251 297 3316 D.
312 3250 343 3337 3,
358 3250 386 3332 1,
403 3253 430 3336 1,
445 3251 474 3316 5.
509 3250 670 3336 Ulpianus
689 3252 772 3316 libro
792 3255 882 3315 sexto
902 3251 942 3315 ad
961 3249 1099 3315 edietum

4 3337 6 3374 1
83 3337 149 3424 (P.
163 3336 261 3427 276⁰).
276 3377 320 3387 -
334 3339 446 3405 Refert
517 3339 626 3405 Labeo
645 3339 820 3404 Publilium
840 3360 968 3404 oaeeum
985 3339 1102 3424 Aspre·

4 3443 6 3514 j
81 3427 181 3494 natis
207 3429 294 3495 Noni
321 3433 448 3512 patrem
477 3451 588 3495 aversa
616 3429 698 3493 sella
726 3450 744 3492 a
771 3425 873 3492 Bruto
902 3428 1101 3512 destitutum,

4 3517 6 3534 ⁵
83 3536 173 3582 cum
193 3518 292 3583 vellet
313 3519 487 3603 postulare.
1031 3551 1032 3554 ¹

151 3627 242 3680 Iurlipr,
255 3633 374 3674 anmhadr.
388 3632 437 3672 rell.
451 3629 486 3672 ed
500 3607 599 3672 Bremer.
622 3630 653 3670 11.
831 3611 835 3620 '
872 3625 887 3673 7
