2568 3890
320 241 324 256 ι
437 182 463 233 a.
488 175 815 232 c.urn1usoau1r0
1066 175 1131 241 285

535 397 643 457 Liber
666 397 717 456 IX.

380 523 427 582 De
449 526 552 582 secuta
574 524 689 596 eiusque
711 523 867 582 consultis?

209 645 267 716 Qui
294 647 466 725 fragmenta
493 665 529 705 ex
556 645 633 705 libro
663 645 700 705 de
723 644 820 705 officio
844 647 992 706 senatorio
1014 646 1132 723 prolata

122 728 231 816 (supra
252 756 281 813 p.
302 737 365 796 282
377 729 434 816 sq.)
462 735 520 794 huc
547 735 693 812 referunt,
720 735 810 793 iidem
836 735 917 794 hunc
944 735 1056 794 librum
1080 737 1132 797 illo

120 825 212 884 titulo
234 824 410 902 insigniunt.
448 825 484 884 de
508 828 613 884 senatu
636 822 771 884 habendo
795 824 915 900 scripsit
937 827 1026 883 antea
1045 825 1133 884 Nico-

117 915 232 974 stratus
256 905 286 994 (Ι
302 907 391 992 110).

207 1033 239 1097 4.
258 1031 338 1096 Gell.
355 1033 405 1116 14,
415 1033 446 1115 8,
456 1033 485 1097 2.
504 1067 544 1077 -
564 1031 606 1096 M.
622 1081 628 1096 .
644 1030 792 1096 ..Varro
811 1031 845 1094 in
865 1036 981 1117 quarto
1000 1030 1131 1116 Episto-

119 1120 255 1186 licarum
280 1120 512 1197 Quaestionum
536 1124 569 1184 et
587 1119 701 1184 Ateius
725 1118 841 1205 Capito
864 1122 898 1184 in
922 1118 1132 1185 Coniectane-

120 1231 214 1274 orum
246 1209 343 1274 VIIII
375 1209 425 1274 ius
458 1231 527 1275 esse
559 1209 720 1294 praefecto
753 1207 811 1296 (sc.
839 1209 912 1274 urbi
944 1208 1132 1274 Latinarum

120 1320 218 1363 causa
244 1295 373 1386 relicto)
405 1303 535 1362 senatus
567 1297 708 1362 habendi
741 1298 865 1384 dicunt3
897 1298 1000 1382 deque
1032 1320 1070 1362 ea
1098 1319 1132 1362 re

120 1386 292 1452 adsensum
324 1409 394 1452 esse
426 1386 542 1471 Capito
573 1385 626 1470 <V
627 1388 798 1471 arro>nem
826 1387 989 1452 Tuberoni
1021 1390 1133 1451 contra

122 1477 316 1541 sententiam
339 1475 425 1540 Iunii
448 1475 559 1540 refert:
582 1497 658 1540 acm
680 1482 709 1540 et
731 1475 877 1560 tribunis,
902 1475 1015 1559 inquit,
1032 1477 1131 1558 plebis

120 1570 245 1630 senatus
262 1565 394 1642 bobeodc‘
410 1567 460 1630 tas
477 1571 551 1648 erut,
570 1585 758 1647 quemquem
777 1570 930 1630 senatores
947 1585 1011 1629 coa
1028 1569 1133 1650 essent,

1 1723 2 1740 ξ
121 1658 192 1718 cute
213 1655 361 1720 Atinium
377 1654 578 1736 plebiscitum.

209 1740 239 1807 5.
268 1741 348 1808 Gell.
368 1743 596 1826 14,7,12.13.
620 1779 661 1788 -
686 1791 737 1806 ...
756 1742 842 1826 quod
866 1743 912 1807 ait
935 1739 991 1824 (se.
1010 1741 1131 1828 Varro)

1 1905 2 1908 Ἴ
122 1832 439 1896 senatusconsultum
462 1831 587 1896 duobus
611 1831 714 1895 modis
738 1832 808 1895 fieri
831 1831 950 1914 solere,
978 1835 1033 1895 aut
1056 1852 1131 1897 con-

121 1920 250 2004 quisitis
279 1920 448 1985 sententiis
477 1924 533 1985 aut
559 1941 617 2004 per
644 1919 887 2001 discessionem,
914 1941 1028 2005 parum
1058 1941 1131 1985 con-

122 2009 231 2073 venite
254 2009 382 2074 cidetur
404 2030 476 2073 cum
501 2031 548 2094 eo,
571 2008 655 2093 quod
676 2009 790 2074 Ateius
809 2007 924 2092 Capito
948 2009 981 2073 in
1003 2006 1132 2074 Coniec-

122 2097 227 2162 taneis
242 2100 398 2182 scriptum
411 2097 551 2184 reliquit.
579 2119 655 2162 nam
669 2099 703 2162 in
717 2099 800 2162 libro
816 2096 914 2164 VIIII
929 2097 1131 2163 Tuberonem

122 2185 226 2251 dicere
260 2187 308 2252 ait
339 2186 465 2250 nullum
494 2188 810 2252 senatusconsultum
843 2188 912 2251 fieri
943 2208 1039 2272 posse
1066 2209 1133 2252 non

120 2274 317 2340 discessione
349 2275 451 2358 faeta,
483 2277 558 2359 quia
589 2277 624 2339 in
656 2277 805 2340 omnibus
835 2278 1132 2360 senatusconsultis,
1212 2325 1216 2332 .

122 2364 220 2428 etiam
253 2365 287 2428 in
319 2365 374 2448 iis,
406 2385 488 2449 quae
515 2385 573 2448 per
600 2364 791 2429 relationem
820 2366 946 2448 fierent,
979 2365 1131 2430 discessio

121 2458 207 2518 esset
225 2453 415 2532 necessaria,
434 2452 617 2542 idqueipse
632 2451 748 2537 Capito
767 2475 877 2517 uerum
898 2475 967 2518 esse
982 2453 1131 2519 affirmat.

446 2705 498 2765 Ex
520 2705 626 2765 libris
649 2705 809 2764 incertis.

211 2825 240 2890 6.
269 2822 349 2891 Gell.
369 2827 400 2910 2,
414 2826 466 2910 24,
480 2827 509 2891 2.
532 2862 576 2872 -
599 2824 678 2910 Legi
775 2846 879 2909 nuper
907 2825 941 2888 in
965 2822 1132 2908 Capitonis

122 2912 211 2982 Ateii
234 2911 457 2979 Coniectaneis
486 2921 616 2980 senatus
644 2915 805 2979 decretum
830 2918 923 2979 uetus
948 2910 981 2978 C.
1004 2911 1131 2978 Fannio

122 3007 155 3065 et
186 3000 230 3067 M.
256 3001 388 3069 Valerio
421 3002 573 3069 Messalla
610 3003 795 3069 consulibus
830 3004 966 3086 factum,
1002 3003 1037 3066 in
1069 3023 1132 3087 quo

122 3091 274 3156 iubentur
305 3093 466 3176 principes
499 3093 656 3178 civitatis,
691 3093 746 3176 qui
776 3092 860 3157 ludis
892 3091 1132 3176 Megalensibus

124 3181 258 3266 antiquo
280 3182 345 3247 ritu
364 3183 566 3267 mutitarent,
587 3180 620 3244 id
640 3184 690 3246 est
708 3185 819 3245 mutua
838 3182 923 3245 inter
942 3202 1012 3245 sese
1030 3179 1132 3245 domi·

122 3268 178 3333 nia
205 3271 381 3354 agitarent,
408 3272 514 3335 iurare
543 3269 628 3354 apud
656 3270 803 3334 consules
829 3270 936 3336 verbis
961 3269 1134 3353 conceptis,

122 3377 190 3421 non
213 3359 351 3444 amplius
375 3359 408 3423 in
429 3361 575 3445 singulas
597 3380 694 3423 cenas
714 3363 859 3443 sumptus
878 3359 957 3443 <se>
978 3379 1046 3423 esse
1065 3357 1133 3423 fae-

124 3448 228 3529 turos,
260 3469 358 3532 quam
389 3451 539 3517 centenos
572 3447 762 3532 vicenosque
793 3448 875 3512 aeris
906 3452 1034 3531 praeter
1061 3448 1133 3513 olus

125 3536 159 3598 et
184 3534 236 3599 far
262 3541 295 3600 et
321 3536 447 3620 vinum,
478 3558 580 3618 neque
603 3538 678 3603 vino
707 3537 899 3622 alienigena,
931 3536 986 3602 sed
1008 3537 1134 3623 patriae
