2508 3896
385 213 410 262 2.
433 204 618 261 MASURIUS
637 204 790 260 SABINUS
1029 201 1094 269 529

173 369 260 434 1491
283 369 322 435 D.
335 370 386 454 12,
401 371 430 455 6,
444 369 497 454 23,
507 370 536 434 2.
549 370 578 434 3.
616 367 774 453 Ulpianus
794 369 877 433 libro
896 367 1095 453 quadragen-

83 461 166 525 simo
185 460 281 524 tertio
297 459 337 523 ad
352 456 506 523 Sabinum
520 454 570 544 (P.
581 455 693 545 2891).
708 493 750 504 -
765 456 799 522 si
814 457 885 541 quis
900 461 976 540 post
989 460 1094 521 trans·

82 549 244 614 actionem
262 547 366 612 nihilo
381 548 487 611 minus
502 547 734 612 condemnatus
748 547 855 630 fuerit,
875 545 949 611 dolo
965 545 1094 630 quidem

82 637 117 702 id
138 638 185 721 fit,
208 637 263 701 sed
287 641 395 701 tamen
419 637 580 701 sententia
600 636 687 701 valet
768 635 839 699 ideo
859 634 1094 700 condemnatus

82 729 227 810 repetere
250 729 372 810 potest,
396 725 481 808 quod
505 746 544 789 ex
567 746 666 790 causa
688 724 920 789 transactionis
944 722 1041 789 dedit.

172 839 266 905 ‘Haec
293 847 442 905 commata
541 845 675 920 suspicor
699 845 802 904 Sabini
824 837 909 903 esse?
945 843 1039 903 Lenel
1061 844 1095 904 P.

173 965 259 1030 150?
284 964 323 1028 D.
333 965 385 1049 39,
396 965 427 1050 6,
436 963 486 1044 35,
498 965 527 1029 3.
567 962 688 1028 Paulus
711 963 794 1028 libro
819 966 909 1027 sexto
930 962 970 1026 ad
989 962 1095 1047 legem

82 1054 200 1119 Iuliam
219 1059 253 1118 et
266 1053 399 1136 Papiam
415 1050 465 1140 (P.
475 1051 564 1136 962).
582 1088 619 1100 -
637 1101 662 1118 ..
677 1052 732 1138 qui
746 1053 861 1117 mortis
876 1073 973 1116 eausa
987 1055 1095 1135 donat,

82 1165 148 1228 qua
169 1147 263 1226 parte
287 1164 321 1206 se
344 1142 481 1226 cogitat,
500 1143 669 1226 negotium
692 1142 785 1227 gerit,
809 1139 931 1205 scilicet
953 1144 999 1226 ut,
1022 1161 1094 1204 cum

82 1231 296 1314 convaluerit,
323 1230 475 1295 reddatur
499 1231 575 1316 sibi;
602 1252 662 1295 nec
685 1230 915 1295 dubitaverunt
937 1227 1094 1312 Cassiani,

84 1320 161 1406 quin
193 1320 398 1385 condictione
430 1321 534 1403 repeti
564 1320 670 1404 possit
702 1319 795 1403 quasi
825 1341 860 1382 re
891 1340 957 1382 non
986 1322 1096 1382 secuta

83 1411 218 1495 propter
240 1409 324 1474 hanc
347 1408 521 1493 rationem,
545 1409 629 1492 quod
653 1430 691 1472 ea
715 1429 796 1492 quae
819 1410 876 1471 aut
897 1407 946 1472 ita
969 1407 1095 1491 dantur,

83 1502 121 1562 ut
149 1497 271 1582 aliquid
297 1498 411 1581 facias,
440 1502 496 1561 aut
523 1503 559 1560 ut
586 1517 646 1581 ego
671 1496 792 1580 aliquid
815 1497 952 1580 cupium,
980 1498 1036 1560 aut
1058 1501 1096 1560 ut

82 1585 201 1651 Lucius
225 1586 345 1669 Titius,
372 1591 429 1652 aut
455 1592 492 1650 ut
520 1585 642 1670 aliquid
670 1587 834 1670 optingat,
861 1585 1022 1649 condictio
1047 1606 1095 1648 se-

80 1675 199 1760 quitur.

171 1796 221 1856 Fi.
243 1797 313 1856 tuce
334 1797 431 1857 habet:
458 1795 621 1873 rationem,
649 1793 728 1870 quod
751 1813 787 1855 ea
809 1813 884 1870 quae
908 1794 1019 1853 dantur
1042 1797 1096 1853 aut

80 1884 128 1944 ita
150 1884 260 1944 dantur
348 1879 463 1961 aliquid
483 1885 592 1944 faciam
672 1883 819 1963 cntingat,
843 1887 874 1942 61
891 1883 924 1942 in
940 1883 1008 1943 istis
1027 1902 1094 1943 con·

77 1973 173 2034 dictio
198 1975 340 2050 sequitur.

342 2110 392 2176 De
412 2111 571 2176 uerborum
593 2109 837 2194 obligationibus

173 2238 218 2298 De
250 2242 410 2300 verborum
443 2241 625 2318 obligatione
658 2241 798 2300 dixerunt
829 2239 903 2299 (lato
933 2231 963 2322 (I
981 2260 1008 2315 p.
1031 2236 1097 2320 21),

79 2329 225 2388 Manilius
245 2322 362 2410 (p.27)‚
387 2329 420 2401 Q.
435 2331 551 2390 Mucius
571 2321 697 2410 (prol.
710 2321 798 2410 104),
817 2329 970 2405 Aquillius
991 2328 1097 2389 Gallus

79 2409 230 2500 (put),
250 2417 372 2478 Seruius
392 2410 435 2499 (p.
448 2413 618 2498 191226),
638 2419 756 2478 Tubero
776 2409 918 2498 (1.362),
937 2417 1096 2477 Trebatius

83 2501 131 2588 (p.
147 2504 234 2584 423),
258 2506 358 2567 Labeo
381 2501 427 2587 (II
439 2529 470 2583 p.
486 2501 579 2588 245);
602 2507 635 2565 in
656 2507 741 2564 libris
765 2507 803 2564 ad
823 2505 893 2564 Sab.
916 2506 1035 2581 scriptis
1059 2508 1096 2564 de

80 2593 167 2655 verb.
192 2595 250 2654 obl.
280 2597 418 2655 dixerunt
445 2597 550 2672 Pomp.
567 2597 587 2655 1.
606 2593 864 2654 XXIV-XXVII
890 2595 939 2652 vel
966 2593 1097 2652 XXVIII

80 2684 118 2744 P.
144 2687 331 2759 712-738,
364 2685 449 2744 Paul
466 2687 488 2744 1.
507 2684 558 2744 XI.
580 2683 638 2743 XII
669 2683 702 2742 P.
724 2683 956 2755 1836-1853,
989 2681 1096 2757 Ulpi

77 2772 236 2834 XLV-L
259 2774 292 2832 P.
308 2776 535 2834 2918-2982.

175 2856 294 2921 ‘Verbis
317 2863 461 2941 obligatio
485 2863 520 2923 fit
538 2882 574 2922 ex
592 2861 828 2939 interrogatione
847 2861 878 2918 et
895 2859 1096 2938 responsione,

78 2951 182 3012 veluti
210 2951 276 3010 dari
303 2951 450 3026 spondes?
492 2951 636 3030 spondeo,
663 2949 767 3008 dabis?
810 2948 899 3026 dabo,
923 2948 1096 3024 promittis?

77 3040 242 3118 promitt03
260 3039 491 3116 fidepromittis?
514 3039 731 3116 fidepromitt03
749 3037 913 3098 fideiubes‘?
936 3035 1097 3114 fideiube03

78 3129 199 3189 facies?
235 3124 365 3190 faciam?
402 3127 467 3190 Gai.
483 3132 512 3206 3,
528 3132 577 3189 92.

175 3218 253 3277 Sunt
275 3221 306 3278 et
328 3219 405 3278 aliae
429 3218 638 3294 obligationes
661 3216 770 3292 quibus
792 3216 892 3274 verbis
916 3215 1096 3292 obligamur,

77 3310 120 3367 ut
147 3310 252 3367 tamen
277 3308 361 3367 nulla
387 3307 581 3384 praecedente
604 3304 838 3383 interrogatione
862 3303 1006 3381 obligatio
1029 3322 1097 3364 con·

78 3397 233 3472 trahatur,
256 3398 340 3456 velut
362 3397 387 3456 si
404 3396 513 3456 mulier
531 3396 593 3456 sive
613 3413 720 3471 sponso
739 3413 814 3453 uxor
832 3394 936 3453 futura
955 3394 1017 3452 sive
1035 3395 1098 3452 iam

78 3486 196 3545 marito
224 3485 324 3544 dotem
351 3486 439 3546 dicat.
485 3485 537 3546 sed
564 3484 642 3545 dotis
670 3484 799 3544 dictione
826 3502 885 3543 non
913 3484 1008 3543 solum
1030 3483 1099 3560 ipsa

76 3574 195 3634 mulier
218 3575 377 3651 obligatur,
402 3574 454 3634 sed
476 3578 506 3634 et
528 3577 616 3652 pater
637 3575 709 3651 eius,
732 3575 805 3633 item
824 3573 942 3632 debitor
959 3573 1096 3633 mulieris

137 3682 236 3733 IurIspr.
250 3683 431 3727 anteactarum
446 3683 480 3724 cd.
494 3683 594 3725 Brcmcr.
617 3685 649 3726 11.
850 3677 885 3725 34
