2512 3888
173 174 242 238 480
281 171 316 225 ΙΙ.
342 169 410 227 ΤΙΒ.
433 167 1060 226 ennomuo.ueuon.rur1r.1ums
1084 167 1185 224 CONS,

176 339 266 400 lando
298 341 352 397 aut
382 337 529 415 mancipio
556 337 727 413 accipiendo
755 337 802 396 illi
829 337 887 396 soli
919 337 1064 414 adquirit,
1100 340 1185 398 velut

174 448 244 488 eum
266 428 311 486 ita
334 427 508 503 stipuletur:
531 427 612 486 Titio
635 427 755 486 domino
773 443 839 485 meo
858 426 924 485 dari
937 425 1095 501 spondes?
1132 430 1185 486 aut

175 535 245 576 cunr
271 517 315 575 ita
338 516 486 594 mancipio
509 515 649 592 accipiat:
681 515 853 575 Honorem
877 533 913 574 ex
934 514 1000 573 iure
1024 513 1186 584 Quiritium

175 605 210 666 L.
238 605 312 664 Titii
339 605 451 664 domini
478 605 537 664 mei
565 621 629 665 esse
657 605 704 665 aio
733 622 827 680 eaque
854 604 882 663 ei
909 605 1011 680 empta
1038 606 1104 663 esto
1131 605 1186 664 hoe

177 714 245 755 aere
268 713 418 770 aeneaque
440 688 539 754 libra'.
585 691 650 754 Gai.
665 696 698 771 3,
714 695 786 754 167.

264 797 317 860 57.
348 794 388 860 D.
401 794 458 876 45,
473 794 543 877 3,6
566 793 763 878 Pomponius
787 793 870 859 libro
893 793 1068 858 vicensimo
1094 797 1184 858 sexto

177 886 216 950 ad
251 883 406 950 Sabinum
438 880 488 970 (P.
518 879 605 970 726).
641 919 679 930 -
715 881 831 948 Ofilius
868 884 954 946 reete
991 881 1120 946 dicebat
1156 890 1186 946 et

175 975 306 1058 fiduciae
337 993 432 1038 causo
462 973 618 1054 mancipio
650 971 835 1055 accipiendo
867 970 917 1033 vel
946 991 1015 1036 crim
1042 973 1186 1036 creditore

175 1063 222 1129 oet
243 1084 311 1128 cum
334 1063 432 1128 amieo
455 1057 643 1126 contractae1
666 1081 761 1143 posse
781 1060 842 1124 soli
862 1059 890 1123 ei
909 1057 1035 1143 adquiri
1054 1056 1112 1145 (so.
1131 1082 1186 1143 per

177 1175 304 1217 servum
334 1147 564 1235 communem),
593 1149 647 1233 qui
674 1149 783 1234 iussit,
813 1169 893 1232 quae
918 1148 1079 1213 sententia
1103 1152 1184 1212 et..

178 1240 289 1307 Sebini
313 1239 438 1303 dieitur.

266 1329 318 1394 59.
351 1326 419 1392 Gai.
435 1328 465 1411 3,
481 1328 566 1393 167⁸.
591 1363 633 1374 -
656 1326 741 1391 Illud
770 1326 934 1410 quaeritur
957 1347 999 1389 an
1022 1325 1110 1409 quod
1132 1325 1184 1390 do·

176 1419 257 1483 mini
280 1438 396 1483 nomen
420 1417 580 1482 adiectum
604 1415 712 1502 elficit,
735 1414 820 1479 idem
842 1414 943 1480 faeiat
961 1414 1057 1478 unius
1076 1436 1115 1478 ex
1133 1414 1184 1478 do·

176 1508 273 1571 minis
296 1506 420 1571 iussum
442 1505 652 1570 intercedens.
688 1504 792 1569 nostri
811 1507 1035 1588 praeceptores
1055 1503 1184 1588 perinde

177 1597 207 1660 ei
231 1595 285 1680 qui
307 1594 440 1659 iusserit
463 1595 524 1660 soli
548 1593 675 1677 adquiri
698 1593 893 1675 existimant,
915 1597 1012 1676 atque
1036 1594 1065 1656 si
1086 1592 1185 1658 norni-

175 1687 280 1749 natim
308 1684 338 1748 ei
366 1683 428 1749 soli
456 1683 631 1767 stipulatus
659 1684 745 1746 esset
773 1703 884 1747 servus
911 1681 1116 1764 mancipiove
1139 1704 1185 1746 ae-

175 1773 322 1857 cepisset.

266 1879 345 1944 ‘Non
362 1885 459 1944 solum
474 1886 575 1944 autem
589 1882 757 1959 proprietas
771 1901 825 1959 per
838 1900 889 1942 eos
903 1899 978 1959 quos
991 1881 1023 1940 in
1037 1883 1186 1956 potestate

177 1973 321 2033 habemus
340 1973 509 2048 adquiritur
526 1972 621 2050 nobis,
640 1972 693 2030 sed
711 1972 803 2031 etiam
820 1969 980 2048 possessi03
1004 1970 1091 2030 cuius
1112 1971 1187 2029 enim

178 2062 223 2120 rei
244 2061 464 2138 possessionem
482 2060 585 2136 adepti
603 2060 725 2136 fuerint,
747 2059 779 2119 id
796 2077 850 2120 nos
868 2059 1019 2135 possidere
1037 2059 1188 2135 videmus,

176 2149 256 2208 unde
279 2149 370 2209 etiam
393 2167 446 2225 per
468 2167 519 2208 eos
541 2149 685 2223 usucapio
707 2148 851 2225 procedit.
891 2167 945 2224 per
962 2167 1013 2209 eas
1030 2167 1104 2209 vero
1123 2167 1188 2225 per·

178 2256 266 2298 sones
280 2255 354 2314 quas
367 2237 400 2296 in
413 2256 505 2297 manu
518 2237 703 2312 mancipiove
717 2237 869 2310 habemus,
884 2236 1052 2314 proprietas
1067 2237 1189 2314 quidem

178 2326 346 2404 adquiritur
371 2325 458 2386 nobis
486 2345 522 2386 er
550 2325 686 2386 omnibus
709 2327 807 2386 causis
831 2325 908 2386 sieut
929 2346 983 2403 per
1006 2345 1057 2387 eos
1082 2327 1137 2405 qui
1158 2327 1189 2385 in

175 2418 326 2492 potestate
357 2417 462 2475 nostra
493 2420 576 2493 sunt,
613 2435 652 2474 an
684 2418 787 2475 autem
817 2414 967 2491 possessio
999 2416 1189 2494 adquiratur,

177 2504 282 2581 quaeri
314 2504 403 2581 solet,
436 2505 507 2582 quie
537 2505 619 2582 ipsas
650 2524 710 2564 non
742 2498 949 2581 possidemus?
999 2498 1043 2563 ‘in
1072 2523 1191 2565 summa

175 2594 328 2654 sciendum
352 2596 400 2653 est
420 2594 467 2654 his
491 2595 596 2672 quiin
618 2596 768 2671 potestate
791 2611 883 2652 manu
903 2593 1089 2669 mancipiove
1110 2597 1190 2672 sunt,

175 2683 252 2742 nihil
278 2683 310 2742 in
336 2683 402 2742 iure
429 2683 494 2743 cedi
520 2701 620 2760 posse,
650 2701 717 2741 cum
740 2681 819 2741 enim
841 2681 970 2742 istarum
992 2701 1192 2759 personarum

176 2772 252 2832 nihil
280 2790 369 2832 suum
397 2789 461 2832 esse
488 2772 596 2848 possit,
624 2771 802 2831 conveniens
830 2775 876 2831 est
899 2771 1026 2848 seilicet,
1054 2775 1090 2830 ut
1112 2773 1192 2831 nihil

178 2879 266 2921 suum
294 2879 357 2920 esse
384 2860 415 2917 in
442 2860 507 2918 iure
530 2859 682 2919 vindicare
704 2854 840 2935 possint?
877 2859 942 2920 Gai.
958 2863 986 2937 2,
1002 2861 1053 2921 89.
1069 2863 1121 2922 90.
1139 2864 1192 2921 96.

434 3031 499 3114 (De
520 3032 663 3115 inperauit
684 3030 726 3115 ec)
749 3033 784 3097 de
807 3031 930 3098 libertis.

264 3161 413 3221 Absolute
444 3162 543 3236 eapite
575 3181 634 3238 quo
666 3161 703 3222 de
734 3162 870 3238 personis
901 3162 1016 3222 alienae
1042 3163 1195 3238 potestati

177 3250 320 3310 subiectis
342 3250 499 3328 agebatur,
522 3249 559 3309 de
582 3251 699 3310 libertis
722 3253 887 3312 tractatum
909 3251 1001 3311 luisse
1024 3251 1096 3311 inde
1119 3253 1196 3313 lieet

248 3407 261 3453 1
283 3401 360 3456 Trib.
377 3417 428 3471 per
446 3401 626 3457 traditionem
645 3401 808 3470 accipiendo
824 3402 1050 3474 vel'deponendo
1065 3421 1195 3460 eommo-

176 3469 333 3538 dandoque.
378 3472 500 3528 restituit
526 3472 610 3529 Lenel
637 3475 672 3530 P.
693 3474 788 3543 Pomp.
813 3477 876 3530 726.
918 3475 984 3531 Sub.
1006 3478 1079 3540 207‚·
1107 3483 1196 3532 cretea

176 3537 209 3592 P.
230 3539 380 3597 ans.125
398 3543 486 3598 aliter⁸
