2506 3880
374 137 399 186 7.
421 132 460 190 Μ.
475 129 667 187 ANTISTIUS
684 130 805 188 LABEO
1031 132 1093 197 121

92 296 237 361 iniuriam
265 297 323 360 aut
349 315 488 379 persona
517 298 574 359 aut
605 299 750 381 tempore
781 298 837 361 aut
863 317 897 360 re
924 295 997 380 ipsa
1024 295 1096 361 fieri

91 384 194 451 Labeo
223 384 279 449 ait
324 405 462 467 persona
490 383 631 449 atrocior
652 383 772 449 iniuria
794 384 846 468 fit,
872 389 909 449 ut
932 406 1003 450 cum
1027 405 1096 449 ma-

93 473 248 561 gistratui,
272 494 345 539 cum
368 473 496 556 parenti
518 477 657 556 patrono
677 472 743 537 fiat.
785 475 940 560 tempore,
963 473 991 538 si
1008 472 1094 538 ludis

22 577 23 580 ’
91 567 123 628 ct
151 564 185 628 in
216 565 403 646 conspectu:
435 582 511 627 nam
536 560 646 644 populi
671 559 827 627 Romarm
853 563 890 626 in
921 565 1096 646 conspectu

91 674 131 719 au
160 652 195 716 in
223 651 394 718 solitudine
425 651 543 716 iniuria
570 651 658 716 facta
686 650 742 734 sit,
774 651 912 716 multum
938 651 1094 716 interesse
1198 715 1201 721 .

91 741 146 825 ait,
180 739 257 824 quia
289 740 428 806 atrocior
460 742 522 825 est,
553 760 636 824 quae
667 739 702 804 in
734 743 910 822 conspectu
940 739 1006 805 fiat.
1059 761 1094 804 re

92 834 232 895 atrocem
254 828 407 893 iniuriam
428 828 543 894 haberi
565 827 675 894 Labeo
699 828 755 912 ait,
777 831 913 912 utputa
931 828 960 894 si
978 828 1095 894 vulnus

91 918 218 984 illatum
241 918 293 983 vel
317 939 352 983 os
376 917 472 983 alicui
493 937 692 1003 percussum.
979 922 982 926 ’

177 1015 250 1080 144.
282 1013 320 1080 Ι).
338 1016 392 1097 47,
411 1016 462 1098 10,
482 1015 533 1099 13,
551 1014 581 1080 4.
630 1013 791 1098 Ulpianus
823 1014 908 1079 libro
941 1014 1096 1100 quinqua-

91 1105 234 1190 gensimo
257 1105 395 1188 septimo
418 1105 459 1169 ad
482 1104 623 1170 edictum
646 1101 694 1188 (P.
710 1099 821 1190 1347).
839 1141 883 1150 -
902 1100 937 1168 si
960 1103 1034 1188 quis
1057 1102 1095 1166 de

90 1193 265 1259 honoribus
285 1193 519 1275 [decernendis]
539 1192 672 1259 alicuius
690 1215 805 1277 passus
822 1214 889 1257 non
908 1193 951 1258 sit
970 1191 1096 1256 decerni

90 1285 233 1366 utputa
257 1280 433 1367 imaginem
460 1282 557 1348 alieni
583 1281 634 1347 vel
662 1280 739 1366 quid
766 1281 853 1346 aliud
876 1282 956 1347 tale:
984 1303 1026 1346 an
1049 1281 1096 1344 in·

91 1371 245 1436 iuniorum
267 1371 437 1436 teneatur?
478 1374 511 1435 et
533 1371 581 1434 ait
598 1369 707 1435 Labeo
727 1391 794 1436 non
812 1371 925 1454 teneri
947 1369 1095 1456 quamvis

90 1459 151 1525 boc
174 1458 386 1525 contumeliae
410 1481 507 1524 causa
529 1458 639 1525 faciet:
667 1459 786 1524 etenim
809 1460 942 1526 maltum
964 1461 1097 1543 interest,

91 1547 208 1634 inquit,
235 1549 433 1614 contumeliae
459 1549 657 1632 causu‘puid
681 1549 740 1630 stat
765 1570 809 1614 uu
835 1568 905 1614 vero
931 1549 1001 1631 ficri
1022 1549 1099 1630 quid

90 1638 123 1702 iu
144 1635 290 1703 7000000000
311 1638 444 1703 alicuius
465 1638 535 1720 qais
556 1657 620 1702 noa
638 1639 789 1720 patiatur.

179 1734 250 1800 145.
276 1733 315 1800 D.
328 1735 405 1800 ibid.
420 1737 439 1816 ξ
454 1735 484 1800 5.
506 1772 551 1782 -
573 1733 663 1799 Idem
687 1733 796 1800 Labeo
819 1735 941 1818 scribit,
964 1735 1002 1819 si,
1024 1757 1096 1801 cum

91 1824 187 1888 alium
216 1823 419 1909 contingeret
440 1823 575 1909 legatio,
606 1823 663 1889 alii
685 1823 748 1889 hoc
771 1844 853 1889 onus
877 1823 1034 1889 duumvir
1047 1825 1095 1888 in·
1191 1827 1194 1834 '

92 1911 220 1994 dixerit,
247 1933 314 1978 non
340 1935 434 1998 posse
462 1913 517 1999 agi
544 1913 737 1977 iniuriarum
760 1912 801 1978 ob
825 1913 969 1978 laborem
992 1911 1097 1977 iniun-

92 2004 189 2067 ctum:
219 2001 306 2066 aliud
334 2003 420 2067 enim
448 2023 519 2068 esse
547 2002 692 2067 laborem
719 2001 903 2088 iniungere,
934 2001 1021 2067 alind
1049 2001 1097 2066 in·

92 2089 205 2156 iuriam
229 2089 344 2156 facere.

180 2179 252 2245 146.
288 2179 329 2244 D.
347 2181 399 2262 47,
424 2180 474 2263 10,
500 2178 541 2245 15
555 2202 602 2264 pr.
655 2177 817 2269 Ulpianus
850 2179 935 2246 libro
968 2183 1097 2264 septua-

93 2268 237 2352 gensimo
264 2269 401 2352 septimo
430 2268 471 2332 ad
498 2269 637 2334 edictum
665 2265 714 2356 (P.
734 2265 845 2356 1349).
868 2305 913 2316 —
1011 2268 1096 2352 apud

92 2353 273 2422 Labeonem
304 2357 481 2442 quaeritur,
509 2357 537 2422 si
565 2359 637 2443 quis
665 2361 806 2422 mentem
834 2357 969 2423 alicuius
998 2357 1097 2422 medi·

93 2449 236 2510 cemento
264 2447 368 2512 aliove
397 2467 459 2532 quo
488 2447 691 2530 alienaverit,
723 2468 764 2510 an
792 2446 983 2510 iniuriarum
1011 2447 1096 2511 actio

93 2531 195 2598 lucum
222 2535 365 2600 haberet.
411 2539 444 2600 et
470 2536 516 2600 ait
544 2534 735 2600 iniuriarum
763 2533 914 2598 aduersus
942 2555 1014 2599 eum
1042 2534 1097 2619 agi

94 2641 195 2703 posse.

492 2753 539 2812 De
561 2752 694 2812 00000010.

182 2870 253 2936 147.
285 2869 324 2936 D.
338 2872 391 2952 47,
406 2873 458 2957 10,
473 2871 525 2958 15,
537 2871 567 2936 4.
612 2868 776 2956 Ulpianus
798 2869 883 2935 libro
908 2870 1099 2954 septuagen-

96 2955 175 3022 simc
198 2959 335 3044 septimo
359 2961 400 3026 ad
423 2961 562 3026 edictum
582 2957 631 3045 (P.
648 2956 761 3047 1350).
778 2996 820 3007 —
841 2957 1031 3025 Convicium
1051 2958 1098 3021 in·

96 3043 207 3112 iuriam
230 3070 302 3114 esse
322 3048 432 3115 Labeo
455 3049 510 3115 ait.

183 3137 253 3202 148.
285 3137 324 3203 D.
343 3138 419 3202 ibid.
438 3141 458 3219 ξ
478 3139 507 3206 6.
535 3173 576 3185 -
604 3137 694 3203 Idem
722 3137 768 3201 ait
799 3135 964 3202 ‘aduersus
996 3135 1099 3201 bonos

97 3225 209 3289 mores’
228 3227 275 3291 sic
298 3227 518 3312 accipiendum
536 3247 611 3291 non.
622 3225 690 3289 eius
710 3224 766 3309 qui
783 3224 869 3307 fecit,
892 3224 948 3289 sed
967 3244 1100 3309 genera·

98 3305 171 3376 liter
188 3315 406 3400 accipiendum
425 3316 577 3381 adversus
596 3314 698 3379 bonos
717 3333 822 3378 mores
836 3311 933 3377 buius
947 3312 1099 3380 civitatis.

169 3508 183 3557 1
202 3504 249 3562 Fu
267 3506 413 3576 praetoris.
