2580 3888
143 123 208 186 304
247 121 268 178 Ι.
292 119 444 177 AETATIS
462 121 622 177 AUGUSTI
640 121 687 176 ΕΤ
704 120 839 177 TIBERII
857 121 954 178 IURIS
974 122 1156 180 CONSULTI

145 286 237 369 verit,
256 290 364 349 utrum
383 285 558 350 armarium
578 285 683 350 solum
704 285 754 348 vel
774 286 912 350 armaria
933 289 1022 366 [cont
1008 286 1157 352 tinebun·

144 376 211 455 tur]
237 396 277 438 an
301 396 377 438 vero
401 375 476 438 libri
500 396 626 460 quoque
649 375 836 439 contineant
837 397 884 456 ur,
907 376 1081 458 quaeritur.
1124 381 1158 442 et

145 461 394 528 ..Nervat
347 464 394 526 ait
416 464 450 527 in
452 466 571 527 teresse
594 463 626 527 id
646 463 763 548 quodt
765 484 798 527 es
800 467 888 528 tator
907 464 1056 548 senserit,
1080 488 1157 530 nam

144 509 178 614 el
205 552 310 617 locum
341 539 516 636 significari
539 551 774 635 <bibliothecae
797 553 1030 636 appellatione,
1061 555 1157 619 sicuti
1180 557 1182 562 ’

145 640 279 706 dicimus
302 639 370 724 in>
394 641 624 706 bibliothecam
648 641 713 724 eo'3
741 640 820 705 alias
844 641 1032 726 armarium,
1061 643 1157 708 sicuti
1279 677 1280 714 ι

145 727 280 794 dicimus
317 728 479 794 eboream
517 729 635 794 bibliot
635 690 748 793 hectim
786 727 890 814 emit';
926 730 1008 794 alias
1030 732 1156 847 libros,
1279 751 1280 800 l

42 889 45 896 ,
146 817 239 883 sicuti
263 818 399 882 dicimus
424 817 667 882 bibliothecam
690 780 890 902 <Graecam>²
913 817 1050 884 emisse'.

356 1035 357 1038 ¹
467 1011 511 1066 De
527 1027 598 1065 serm
594 1011 723 1080 paculio
742 1011 836 1080 lecolo.

235 1121 265 1186 3.
287 1120 327 1186 D.
342 1121 393 1202 33,
408 1121 437 1201 8,
452 1120 481 1201 6,
495 1123 526 1183 4.
562 1118 724 1204 Ulpianus
745 1119 829 1185 libro
848 1121 1022 1186 vicensimo
1042 1122 1157 1206 quinto

146 1210 184 1273 ad
213 1208 368 1276 Sabinum
397 1205 447 1296 (P.
471 1207 582 1291 2680).
611 1243 653 1254 -
762 1230 804 1272 an
835 1215 867 1274 et
894 1211 978 1292 quod
1007 1210 1155 1275 dominus

146 1299 329 1383 scripsisset
361 1320 395 1362 se
428 1317 519 1361 servo
553 1297 681 1379 debere,
713 1297 838 1380 peculio
873 1300 981 1382 legato
1011 1299 1156 1365 cederet?
1278 1355 1280 1376 ,

146 1384 291 1472 Pegasus
315 1389 428 1472 negat,
451 1386 537 1450 idem
558 1383 675 1450 Nerva.

526 1561 569 1616 Dc
586 1577 662 1616 seruo
681 1562 775 1632 legato.

233 1672 264 1736 4.
289 1671 326 1736 D.
341 1668 394 1749 35,
408 1671 438 1752 2,
452 1670 553 1754 49pr.
588 1670 676 1734 Idem
695 1669 846 1758 (Paulus)
865 1671 949 1735 libro
968 1671 1155 1738 duodecimo

147 1761 188 1826 sd
219 1761 382 1826 Plautium
416 1757 462 1843 (P.
496 1756 605 1845 1188).
640 1795 683 1805 -—
719 1759 875 1825 Plautius.
926 1758 1024 1825 Servo
1061 1779 1157 1845 quem
1279 1825 1280 1834 ,

145 1849 208 1914 tibi
232 1851 424 1935 legaveram‚
447 1848 582 1912 fundum
605 1849 782 1931 legavi...
801 1847 910 1913 Nerva
930 1847 1070 1914 Sabinus
1094 1849 1157 1933 pri·-
1279 1857 1280 1864 ’

147 1961 235 2002 mum
262 1940 296 2002 in
325 1959 417 2002 servo
445 1938 604 2002 rationem
631 1936 714 2022 legis
737 1936 897 2002 Falcidiae
921 1937 1102 2003 habendam
1125 1944 1159 2003 et

147 2033 246 2110 quota
278 2048 353 2109 pars
386 2048 424 2090 ex
459 2045 496 2089 eo
530 2025 709 2110 decederet,
742 2048 812 2090 eam
840 2032 965 2110 partem
996 2025 1030 2090 in
1057 2027 1158 2092 fundo

147 2115 258 2199 legato
285 2115 431 2178 inutilem
459 2113 617 2198 futuram,
647 2115 761 2179 deinde
784 2135 823 2178 ex
850 2115 981 2200 reliquis
1009 2117 1156 2199 partibus

146 2203 236 2268 fundi
265 2203 347 2287 legis
370 2201 531 2267 Falcidiae
558 2204 741 2286 portionem
766 2203 982 2290 decessorem,
1013 2205 1096 2269 sicut
1119 2227 1157 2269 ex

147 2292 296 2356 omnibus
319 2293 445 2376 legatis.

367 2467 410 2522 Dc
428 2467 509 2521 rebus
522 2483 575 2537 per
591 2467 806 2524 vindicationem
823 2467 933 2524 relictis.

235 2577 264 2641 5.
298 2575 366 2640 Gai.
385 2576 415 2660 2,
433 2576 503 2642 195
532 2613 567 2622 -
598 2576 707 2642 Nerva
736 2625 769 2642 ..
798 2580 832 2641 et
857 2576 1014 2642 Proculus
1047 2577 1157 2642 ceteri·

150 2687 211 2749 que
234 2666 319 2730 illius
343 2665 472 2731 scholae
497 2670 644 2731 auctores
667 2688 732 2730 uon
756 2665 850 2730 aliter
872 2670 988 2751 putant
1012 2688 1078 2730 rem
1098 2663 1157 2752 (so.

148 2775 206 2838 per
232 2755 480 2820 vindicationem
513 2750 672 2842 legatam)
704 2755 855 2839 legatarii
886 2755 971 2839 fieri,
1003 2777 1100 2840 quam
1130 2755 1158 2819 si

148 2844 288 2909 voluerit
311 2865 381 2908 eam
406 2844 445 2907 ad
471 2843 698 2926 sepertinere.

518 3015 562 3070 De
581 3033 675 3072 annno
693 3018 788 3088 legato.

236 3131 266 3196 6.
297 3127 336 3192 D.
360 3128 412 3207 33,
434 3127 530 3210 1,14.
585 3125 745 3211 Ulpianus
777 3127 860 3192 libro
895 3127 1037 3194 secundo
1067 3127 1157 3192 fidei·
1191 3167 1194 3173 ·

148 3218 390 3282 commissorum
408 3213 459 3304 (P.
477 3213 588 3303 1866).
610 3251 648 3263 -
671 3214 773 3281 sicui
793 3239 934 3282 annuum
954 3217 1050 3281 fuerit
1067 3217 1158 3282 relie-

147 3308 218 3370 tum
237 3306 305 3370 sine
324 3304 504 3370 adiectione
525 3326 677 3390 summae,
697 3353 748 3370 ...
767 3310 816 3370 est
829 3306 934 3370 verior
949 3304 1076 3370 Nervae
1091 3327 1157 3370 sen·

148 3395 261 3479 tentia,
284 3395 369 3480 quod
392 3397 532 3460 testator
550 3399 714 3478 praestare
734 3394 850 3460 solitus
869 3395 983 3478 fuerat,
1006 3395 1039 3458 id
1058 3394 1160 3459 videri

148 3481 305 3548 relictum.
