2580 3888
420 173 460 223 10.
483 167 520 223 M.
545 165 716 223 coooulus
738 166 865 223 NERVA
1077 166 1143 232 305

476 362 520 417 Dc
537 363 684 430 usufructu
702 363 797 434 laqueo.

222 473 250 538 1.
274 471 313 537 D.
334 471 407 556 ’1,6,
423 473 499 555 lpr.
534 470 696 555 Ulpianus
718 471 802 536 libro
825 474 940 537 octavo
960 472 1081 538 decimo
1101 472 1142 538 ad

131 561 288 629 Sabinum
316 558 364 643 (P.
388 559 499 646 2596).
529 597 570 606 -
599 557 634 626 Si
666 559 764 625 fundo
796 560 972 625 fructuario
1005 561 1142 628 servitus

131 651 295 733 debeatur,
314 649 487 714 Marcellus
505 649 589 714 libro
609 651 723 714 octavo
740 645 930 736 (septimoi)
948 650 1031 733 apud
1046 649 1144 716 Iulia·

132 762 210 806 num
232 737 394 804 Labeonis
415 741 448 803 et
466 737 591 804 Nervae
613 737 806 803 sententiam
824 738 942 821 probat
961 739 1143 804 existiman·

132 831 213 894 tium
252 829 439 892 servitutem
476 825 604 911 quidem
641 847 713 890 eum
745 825 909 892 vindicare
941 847 1008 891 non
1039 849 1143 912 posse,

131 939 244 984 verum
262 938 356 981 usum
375 915 516 981 fructum
536 916 772 982 vindicaturum
792 937 829 980 ac
845 936 903 999 per
916 914 979 980 hoc
992 913 1143 996 vicinum,

132 1007 162 1072 si
184 1027 249 1071 non
271 1005 415 1090 patiatur
437 1027 509 1071 eum
532 1005 578 1070 ire
602 1008 762 1090 et'agere,
784 1005 887 1069 teneri
906 1003 944 1088 ei,
967 1004 1059 1088 quasi
1076 1025 1143 1069 non

131 1095 277 1179 patiatur
301 1094 348 1158 uti
371 1093 444 1158 frui.

222 1184 250 1249 8.
278 1180 317 1246 D.
338 1184 367 1266 7,
382 1182 412 1263 5
426 1183 455 1248 3
508 1181 668 1266 Ulpianus
696 1181 779 1247 libro
808 1185 923 1248 octavo
950 1180 1074 1247 decimo
1103 1181 1144 1246 ad

132 1271 288 1338 Sabinum
317 1268 366 1358 (P.
380 1267 581 1373 259011-
608 1271 689 1336 Post
674 1272 802 1355 tquod
830 1268 888 1358 (sc.
912 1273 1043 1336 senatus
1072 1291 1144 1335 con·

8 1387 26 1410 ι·
133 1357 269 1446 sultum)
302 1361 444 1425 omnium
475 1382 583 1424 rerum
615 1381 692 1424 usus
724 1361 809 1425 fruct
794 1363 847 1424 tus
879 1360 981 1446 legari
1013 1357 1143 1442 poterit

134 1471 177 1514 an
200 1453 233 1514 et
254 1448 444 1514 nominum?
489 1446 598 1514 Nerva
622 1448 754 1532 negavit
851 1448 936 1513 idem
1033 1445 1145 1513 Nerva

134 1536 200 1622 ipsi
226 1559 351 1623 quoque
380 1538 468 1602 debit
454 1537 519 1602 tori
541 1557 637 1620 posse
659 1558 754 1600 usum
777 1537 916 1602 fructum
939 1537 1044 1622 legari
1067 1538 1143 1602 scri-

134 1627 238 1692 bitot
260 1626 472 1692 remittendas
496 1625 525 1690 ei
548 1646 671 1690 usuras.

524 1835 568 1889 Dc
586 1849 640 1888 usu
658 1833 752 1904 leuato.

220 1955 250 2020 9.
274 1954 313 2018 D.
336 1953 410 2036 7,8,
428 1953 522 2036 12,1.
563 1951 724 2037 Ulpianus
748 1951 832 2018 libro
857 1954 994 2039 septimo
1018 1953 1142 2020 decimo

6 2055 10 2062 '
133 2045 174 2110 ad
198 2042 354 2109 Sabinum
378 2038 428 2128 (P.
447 2039 573 2130 sacch).
593 2078 636 2088 -
659 2039 797 2108 Sabinus
821 2046 854 2107 et
876 2039 1006 2108 Cassius
1030 2047 1063 2108 et
1085 2043 1144 2128 lig·

133 2133 185 2198 nis
209 2131 249 2197 ad
272 2152 367 2195 usum
390 2131 601 2196 cottidianum
625 2135 658 2196 et
681 2131 776 2197 horto
801 2135 833 2196 et
850 2132 956 2216 pomis
976 2135 1009 2196 et
1027 2133 1144 2198 holeri-

133 2221 195 2285 bus
213 2222 246 2284 ct
263 2218 397 2284 floribus
416 2223 449 2285 et
467 2243 550 2306 aqua
568 2239 701 2284 usurum
715 2217 774 2307 (sc.
791 2243 862 2286 eum
883 2220 935 2287 cui
952 2221 1045 2286 fundi
1064 2243 1141 2286 usus

134 2309 265 2373 relictus
288 2304 362 2394 est),
384 2330 449 2374 non
468 2330 569 2393 usque
588 2308 629 2373 ad
648 2309 882 2392 compendium,
906 2310 962 2375 sed
982 2309 1022 2376 ad
1040 2331 1143 2393 usum,

6 2393 15 2406 '
134 2396 259 2462 seilicet
285 2418 351 2460 non
378 2419 478 2482 usque
502 2397 542 2462 ad
564 2398 716 2481 abusum3
744 2398 828 2462 idem
850 2397 967 2482 Nerva,
991 2403 1023 2463 et
1046 2400 1145 2464 adicit

135 2485 324 2550 stramentis
343 2488 376 2550 et
395 2487 564 2552 sarmentis
583 2487 681 2550 etiam
700 2507 842 2570 usurum,
860 2486 916 2550 sed
935 2507 1037 2570 neque
1055 2487 1144 2552 foliis

133 2596 237 2660 neque
270 2574 340 2640 oleo
374 2595 477 2658 neque
505 2574 665 2639 frumento
693 2593 798 2657 neque
827 2574 975 2657 frugibus
1003 2596 1143 2641 usurum.

392 2784 436 2839 Dc
453 2785 539 2852 ftuutc'
555 2783 638 2839 locuti
655 2782 773 2838 muccdc
791 2781 887 2854 lcpoto.

224 2902 275 2969 10.
298 2900 337 2968 D.
357 2903 409 2987 34,
424 2904 453 2982 3,
470 2902 520 2968 16.
559 2901 679 2968 Paulus
702 2900 786 2966 libro
808 2921 893 2965 nono
918 2900 958 2966 ad
981 2899 1145 2965 Plautium

133 2989 184 3080 (P.
204 2990 378 3078 1172).-
340 2953 453 3056 —l'li
474 2992 526 3057 cui
554 2990 726 3056 fundum
716 3012 751 3054 111
779 2990 1032 3075 quinquennium
1060 2989 1144 3054 loca-

135 3103 245 3147 veram
272 3081 377 3166 legavi
406 3080 561 3183 quidquid
589 3102 662 3145 eum
685 3079 766 3144 mihi
791 3080 867 3144 dare
890 3077 994 3144 facere
1017 3081 1146 3163 oportet

135 3169 300 3254 oportebit
301 3192 340 3235 ve
363 3171 400 3234 ut
423 3171 545 3234 sineret
530 3169 660 3233 theres
685 3167 747 3232 sibi
769 3167 897 3232 habere.
942 3165 1050 3231 Nerva
1073 3166 1145 3232 Ati-

135 3258 266 3344 licinus,
290 3259 317 3323 si
340 3258 433 3323 heres
456 3258 642 3342 prohiberet
665 3279 738 3320 eum
761 3256 836 3337 frui,
864 3276 903 3320 ex
926 3255 1094 3338 conducto,
1117 3256 1145 3321 si

136 3345 204 3409 iure
227 3347 397 3412 locationis
421 3346 497 3431 quid
520 3347 681 3428 retineret,
705 3367 743 3410 ex
765 3347 939 3408 testament
940 3366 959 3410 ο
925 3345 1047 3409 tiore
1066 3307 1145 3410 obli·

135 3438 249 3518 gatum
277 3435 379 3514 aiunt,
407 3435 482 3519 quie
504 3435 587 3500 nihil
612 3436 795 3517 interesset,
822 3437 983 3517 peteretur
1006 3456 1047 3499 an
1070 3435 1145 3501 reti·

135 3525 241 3606 neret3
264 3527 366 3588 totam
390 3523 475 3588 enim
499 3523 695 3590 locationem
718 3524 859 3608 legatam
882 3521 991 3588 videri.

189 3635 284 3687 Iurlspr.
298 3637 418 3679 autcbsdr.
431 3638 479 3678 rell.
493 3638 528 3679 cd.
542 3639 642 3680 Bramar.
665 3638 696 3678 IL
898 3633 933 3682 20
