2580 3888
433 193 458 242 2.
481 187 662 243 MASURIUS
682 187 833 245 SABINUS
1074 188 1139 253 353

125 351 293 417 testatoris
317 351 465 436 protinus
488 351 571 415 liber
593 354 625 414 et
647 351 739 415 heres
763 355 822 415 est.
858 351 941 416 unde
962 353 1017 436 qui
1036 352 1135 417 facul-

125 445 210 505 tates
235 462 310 504 suas
334 442 500 523 suspectas
523 438 630 521 habet,
654 441 736 504 solet
760 462 887 504 servum
911 463 1004 505 suum
1028 443 1133 525 primo

127 534 184 594 aut
221 528 358 594 secundo
391 528 443 592 vel
480 528 577 592 etiam
611 527 765 592 ulteriore
798 528 899 614 gradu
931 530 1067 595 liberum
1101 535 1134 595 et

125 617 276 682 heredem
304 617 485 699 instituere,
513 620 550 680 ut
578 617 605 680 si
634 617 845 682 oreditoribus
875 619 954 682 satis
982 641 1048 683 non
1072 619 1136 706 fiat,
1253 687 1254 692 .

125 707 236 791 potius
263 707 358 770 huius
386 705 513 770 heredis
541 728 638 790 quam
658 705 761 790 ipsius
784 707 952 771 testatoris
977 709 1062 773 bona
1084 731 1135 773 ve-

125 800 234 878 neant,
258 796 290 858 id
315 798 365 859 est
388 798 424 858 ut
446 794 624 879 ignominia
647 816 728 878 quae
752 795 869 859 accidit
892 817 930 859 ex
953 797 1135 862 venditione

125 885 295 965 bonorum,
313 885 398 948 hunc
415 883 523 968 potius
542 883 692 948 heredem
710 905 806 967 quam
826 886 930 967 ipsum
946 888 1136 950 testatorem

123 974 305 1057 contingat3
337 995 532 1058 quamquam
560 973 643 1057 apud
672 971 833 1037 Fufidium
862 970 983 1038 Sabino
1011 975 1137 1058 placeat

125 1062 329 1127 eximendum
359 1084 432 1126 eum
459 1082 528 1126 esse
557 1061 750 1147 ignominia,
780 1062 855 1146 quia
881 1084 947 1127 non
975 1084 1033 1127 suo
1057 1063 1137 1127 vitio

123 1154 182 1216 sed
211 1151 402 1217 necessitate
430 1149 509 1215 iuris
538 1151 696 1216 bonorum
721 1151 938 1216 venditionem
963 1155 1136 1235 pateretur.

542 1351 588 1409 De
611 1352 718 1424 leuatis.

468 1467 511 1520 De
526 1467 678 1535 partitione
696 1468 793 1536 leuata.

217 1578 248 1641 2.
280 1577 319 1640 D.
334 1577 388 1660 30,
404 1576 476 1658 104,
491 1577 519 1641 7.
533 1573 623 1639 Idem
638 1574 696 1657 (so.
707 1574 866 1662 Iulianus)
876 1577 960 1642 libro
971 1577 1076 1661 primo
1092 1577 1132 1641 ad

124 1665 279 1732 Urseium
298 1664 450 1729 Ferocem
470 1661 518 1749 (P.
534 1660 622 1747 888).
641 1699 683 1708 —
704 1662 738 1728 si
760 1686 871 1730 socero
891 1689 909 1730 a
933 1687 1052 1750 genero
1076 1687 1134 1730 suo

124 1755 241 1819 herede
274 1753 425 1818 instituto
457 1774 533 1837 pars
565 1751 752 1816 hereditatis
785 1753 843 1817 alii
875 1755 984 1839 legata
1010 1754 1135 1836 fuisset,

124 1843 262 1908 deducta
290 1842 363 1906 dote
392 1863 464 1906 eurn
492 1841 675 1905 debiturum
705 1863 774 1905 esse
798 1845 922 1926 partem
945 1844 1134 1908 hereditatis

125 1933 270 2015 legatam
289 1929 427 1996 Sabinus
451 1930 625 2015 respondit,
649 1931 925 2014 quemadmodum,
949 1933 976 1997 si
997 1933 1135 2017 pecunia
1229 1940 1230 1952 ¹

124 2041 165 2084 ex
201 2019 314 2084 crediti
348 2040 445 2084 eausa
477 2041 588 2084 socero
621 2020 730 2084 debita
760 2020 889 2104 fuisset,
926 2044 964 2086 ea
996 2021 1134 2088 deducta

125 2110 252 2191 partem
275 2108 466 2173 hereditatis
490 2109 622 2173 daturus
645 2109 770 2174 fuisset.

406 2273 450 2329 De
467 2274 553 2341 sandi
569 2277 747 2331 indrumcnto
766 2277 860 2346 leuco.

217 2384 245 2449 3.
279 2382 317 2447 D.
333 2385 385 2466 33,
401 2385 429 2466 l,
446 2386 562 2467 12,13.
607 2383 766 2468 Ulpianus
789 2386 873 2450 libro
897 2386 1069 2452 vicensimo
1094 2387 1135 2451 ad

124 2471 283 2537 Sabinum
303 2471 351 2558 (Ρ.
367 2473 477 2557 2609).
494 2509 532 2519 -
554 2523 582 2537 ..
602 2477 632 2536 et
652 2495 727 2538 aves
745 2474 961 2539 instrumento
976 2477 1033 2558 (se.
1049 2471 1134 2559 agri)

123 2562 273 2645 exemplo
288 2561 398 2645 apium
415 2560 571 2625 contineri
587 2558 725 2625 Sabinus
741 2563 773 2624 et
787 2561 916 2630 Cassius
930 2567 1134 2646 putaverunt.

464 2727 508 2781 De
524 2726 684 2795 supellectili
702 2727 798 2796 leuata.

213 2838 245 2902 4.
277 2837 316 2902 D.
331 2836 407 2900 ibid.
423 2839 442 2916 ξ
457 2836 509 2902 20.
550 2835 711 2920 Ulpianus
731 2835 814 2900 libro
830 2835 1004 2901 vicensimo
1019 2837 1059 2901 ad
1079 2835 1135 2900 Sa·

125 2927 239 2991 binum
263 2925 312 3012 (P.
331 2925 442 3011 2610).
462 2962 504 2972 -
526 2924 575 2990 De
597 2926 686 3009 velis,
709 2947 790 3009 quae
814 2927 848 2989 in
870 2925 1058 3010 hypaethris
1082 2948 1134 2990 ex·

122 3016 315 3100 tenduntur,
352 3014 430 3080 item
467 3015 506 3079 de
529 3015 589 3098 his,
621 3037 702 3099 quae
737 3018 812 3079 sunt
844 3015 928 3080 circa
959 3015 1134 3097 columnas,

123 3101 238 3169 Celsus
268 3103 382 3169 scribit
409 3104 514 3188 magis
542 3103 735 3187 supellectili
763 3103 1001 3168 adnumeranda
1029 3104 1134 3168 etita

12 3189 16 3196 ’
122 3190 281 3258 Sabinum
304 3196 337 3256 et
361 3190 509 3258 Cassium
532 3199 655 3275 putare.

314 3351 357 3405 De
374 3365 404 3404 eo
422 3350 586 3420 qaodsaerco
604 3349 739 3404 communi
756 3350 881 3404 relictum
898 3354 944 3404 est.

213 3459 243 3524 5.
267 3457 306 3523 D.
318 3461 368 3542 17,
384 3460 413 3543 2,
427 3460 480 3536 63,
495 3459 523 3524 9.
552 3458 710 3543 Ulpianus
725 3458 808 3524 libro
823 3458 1014 3545 trigessimo
1028 3461 1133 3545 primo

123 3546 166 3612 ad
195 3548 333 3613 edictum
361 3543 410 3635 (P.
430 3548 519 3633 924).
547 3585 589 3594 -
618 3545 653 3611 Si
681 3570 773 3614 servo
801 3549 961 3615 communi
989 3549 1134 3637 legatum

181 3661 277 3711 Inrispr.
291 3662 408 3703 ontehsdr.
423 3662 472 3702 rell.
486 3661 520 3704 ed.
535 3664 634 3704 Bremer.
656 3661 687 3705 Π.
889 3660 922 3709 23
