2550 3888
416 199 440 246 ι.
463 193 501 247 ιι.
517 169 707 247 eumenus
725 191 845 260 ιιιιιιο
1082 183 1135 258 '65

13 387 18 394 ·
121 358 283 440 stituorut,
315 358 345 420 si
370 375 438 420 oona
461 357 639 436 pecuniam,
667 363 762 436 aaroni
788 357 851 420 doti
879 321 1006 421 dixisset
1037 377 1131 440 nuno

117 447 248 527 petisset
268 465 364 526 neque
386 446 533 526 uopnset.
573 449 660 530 preto,
681 445 710 508 si
731 445 780 508 uir
801 446 1011 511 denuntiasset
1032 448 1136 512 eoloris

120 534 284 599 heredibus
305 555 364 615 per
390 553 421 598 so
447 555 510 597 non
536 537 630 613 storo,
659 530 823 614 quominus
850 541 1002 617 uoeptnrn
1022 535 1135 616 fureret

122 624 160 687 id
186 623 269 710 qnod
294 643 332 686 en
360 624 426 688 dote
447 623 507 687 sibi
529 623 689 711 deberetur,
712 623 817 686 sintina
839 643 908 686 euno
929 623 1064 688 neuen
1085 625 1135 705 fu-
1237 655 1239 660 ·

122 717 241 776 inum.
282 713 363 792 quod
387 713 416 776 si
442 711 525 776 solus
551 706 635 775 beros
656 711 765 775 e'ns'titn
766 716 814 775 tus
836 713 911 776 esset
931 713 966 776 in
989 714 1046 777 tuli
1068 734 1137 778 oon-
1179 745 1183 760 ·

120 802 254 879 dicione,
275 800 373 865 rribilo
395 801 500 865 ninus
516 805 594 882 puto
616 801 691 864 stut'
667 805 722 864 torn
745 820 813 864 euru
831 799 1035 865 inomni
984 801 1135 886 fut,nrnrn

120 891 203 972 quio
230 851 396 966 ιιδύιαιος
421 891 556 954 oonotioio
577 909 638 970 pro
665 909 728 952 non
749 890 864 971 scripto
886 891 1063 971 oounimdo
1085 897 1137 955 est.

218 1007 261 1068 Cf.
280 1009 316 1068 D.
337 1011 388 1086 30,
409 1011 481 1084 104,
501 1011 518 1068 1
543 1009 679 1068 Iulianus
704 1009 740 1066 ad
759 1007 900 1068 Urseium
922 1009 1065 1068 Ferocem
1088 1011 1137 1069 ad-

122 1101 236 1156 notans
253 1055 401 1157 Labeonis
424 1098 516 1159 verba
534 1098 686 1172 repetitu
701 1091 818 1173 .quod
837 1095 985 1169 ἀδύνατος
1003 1099 1135 1158 eondioio

122 1205 265 1262 pronon
288 1187 398 1262 scripta
366 1179 586 1245 ufhabuur

218 1305 247 1370 2.
270 1303 310 1368 D
324 1307 376 1388 28
391 1306 421 1389 6,
435 1305 477 1369 39
486 1327 534 1388 pr
578 1251 747 1368 Iavolenus
774 1305 857 1369 libro
873 1306 991 1390 primo
1020 1327 1059 1369 ex
1081 1328 1137 1390 po-

124 1394 319 1458 sterioribus
332 1356 562 1458 Ldbeouis-
584 1393 666 1476 Cum
685 1415 724 1457 ex
742 1393 809 1458 filio
824 1395 893 1476 quis
909 1395 989 1458 duos
1002 1401 1137 1480 nepotes
1172 1389 1184 1486 ἰ

123 1483 312 1566 impuberes
339 1483 494 1566 habebat,
467 1481 577 1546 tsed
604 1469 652 1546 alt
638 1486 742 1546 terum
770 1504 880 1566 eorum
907 1483 941 1546 in
966 1487 1139 1566 potestate,

125 1572 266 1635 alterum
294 1593 373 1654 non,
403 1576 435 1636 et
463 1572 561 1636 vellet
587 1575 758 1654 utrumque
787 1593 825 1634 ex
853 1571 962 1655 aequis
990 1573 1137 1657 partibus

124 1659 278 1724 heredem
300 1659 420 1724 habere
444 1665 484 1744 et,
505 1660 624 1744 siquis
646 1681 685 1722 ex
703 1659 753 1722 his
772 1660 921 1743 impubes
940 1661 1148 1745 decessisset,

125 1749 170 1813 ad
191 1749 328 1813 alterum
345 1753 471 1833 partem
486 1749 553 1814 eius
568 1747 753 1826 transferre,
773 1769 811 1811 ex
826 1749 962 1813 consilio
976 1749 1137 1815 Labeonis

124 1835 217 1903 Ofilii
234 1835 381 1902 Cascellii
396 1837 540 1902 Trebatii
559 1859 632 1901 eum
651 1857 744 1919 quem
762 1837 978 1920 in'potestate
996 1839 1140 1908 habebat

1 1941 3 1952 '
126 1927 236 1991 solum
259 1926 407 1990 heredem
432 1927 509 1991 feeit
533 1931 566 1990 et
588 1927 629 1990 ab
654 1947 691 1989 eo
715 1925 808 1989 alteri
830 1925 997 1992 dimidiam¹
1011 1931 1138 2012 partem

124 2014 331 2098 hereditatiS,
357 2038 430 2080 aum
463 2015 497 2078 in
530 2037 621 2079 suam
653 2015 786 2078 tutelam
820 2015 974 2100 venisset,
1005 2017 1140 2101 legavit,

126 2105 217 2205 quod
245 2105 274 2168 si
302 2105 328 2168 is
357 2105 411 2188 qui
441 2104 476 2168 in
503 2108 665 2188 potestate
696 2125 754 2168 sua
783 2107 881 2186 esset,
909 2106 1056 2189 impubes
1085 2106 1140 2171 de·
1186 2173 1194 2190 ,

1 2198 5 2222 ³
126 2193 289 2276 cessisset,
267 2193 360 2256 tall
346 2197 451 2258 terum
474 2193 676 2258 heredem
648 2215 678 2257 ιι
701 2193 805 2257 substi
779 2194 877 2258 ιιιιιι.
1070 2207 1072 2212 ’

219 2312 318 2372 Labeo
354 2314 482 2372 fortasse
520 2314 600 2376 solus
637 2313 791 2396 consultus
823 2313 868 2372 ιιι
899 2315 1066 2391 respondi,
1041 2319 1139 2374 tut

127 2399 254 2550 OffilIium
268 2399 451 2550 3Ο9ιὲιιιιιιιιιι
466 2403 641 2462 Trebatium
660 2421 760 2462 seeum
779 2395 945 2462 consentire
965 2405 1139 2464 declararet.
1217 2459 1220 2466 .

7 2554 10 2564 ,
126 2510 147 2550 ⁰
224 2511 251 2566 Ρ·

547 2634 593 2690 De
616 2635 723 2704 tenutis.

506 2748 549 2804 De
566 2748 655 2814 fundo
673 2749 767 2816 leonto.

218 2858 249 2922 3.
262 2855 377 2938 ’1).,35,
393 2860 421 2937 1,
435 2858 487 2940 40,
502 2858 532 2923 4.
568 2857 657 2921 Idem
677 2852 877 2943 (Iavolenus)
896 2856 979 2921 libro
1000 2857 1138 2921 seeundo
1260 2881 1264 2888 ·

127 2967 169 3010 ex
201 2950 276 3030 post
262 2946 434 3010 terioribus
466 2946 706 3011 Labeonis.-
742 2945 891 3022 Quit
835 2945 891 3010 dot
892 2945 975 3010 alem
1005 2946 1139 3011 fundum

127 3034 256 3100 nullum
279 3035 435 3119 habebat,
460 3036 706 3119 ilalegaverat:
679 3033 878 3100 tfundum
903 3032 1140 3114 Cornelianum,

129 3144 227 3208 quem
250 3123 307 3188 illa
329 3125 418 3188 mihi
434 3124 500 3188 doti
524 3124 619 3208 dedit,
596 3126 672 3188 tei
694 3125 786 3188 heres
810 3123 907 3188 dato'.
948 3123 1054 3196 Labeo
1075 3084 1151 3208 ΟιιῖἸ

128 3214 194 3277 lius
217 3203 348 3281 Trebel
324 3217 389 3276 tius
417 3175 650 3297 responderuht
676 3212 811 3277 fundum
839 3195 943 3277 nihilo
966 3215 1071 3277 minus
1096 3215 1139 3276 le-

3 3303 16 3400 ,ἴ
130 3305 246 3386 gutum
274 3323 357 3385 esse,
385 3303 473 3385 quia,
501 3324 574 3367 eum
600 3301 717 3365 fundus
741 3297 983 3365 Cornelianus
973 3323 1008 3364 ιιι
1032 3324 1140 3367 rerum

129 3394 249 3455 natura
272 3391 324 3474 sit,
347 3390 547 3456 demonstt
481 3393 547 3455 ttre
548 3392 580 3456 io
605 3389 687 3454 falsa
710 3387 854 3471 legatum
877 3410 943 3453 non
964 3393 1109 3474 peremit.
1157 3405 1160 3412 '

205 3570 219 3617 1
245 3564 320 3620 Tuo.
340 3563 521 3634 promisisset.

185 3663 281 3712 Iurispr.
295 3665 414 3706 antehadr.
428 3665 477 3706 rell
491 3664 525 3706 ed.
539 3663 639 3704 Bremer.
664 3663 695 3704 11.
913 3659 928 3705 5
