2508 3896
386 155 411 204 2.
434 147 620 204 MASURIUS
640 147 791 204 SABINUS
1029 148 1102 213 5472

87 319 247 396 Uipianum
265 319 299 378 P.
314 309 434 378 2913ss
458 317 583 378 servatis
602 316 758 376 dicendum
776 319 831 395 661,
854 317 963 394 quibus
982 317 1093 378 diserte

87 409 123 468 (16
148 411 231 468 veste
258 408 306 467 vel
333 407 520 468 vestimentis
548 405 682 484 legatis
709 405 823 482 agitur,
856 425 930 482 quas
957 426 1005 466 res
1032 406 1093 466 iam

86 498 161 556 libro
188 496 274 555 XXTI
305 496 342 554 ab
375 495 503 571 Ulpiano
540 497 685 554 tractatas
719 512 783 554 6666
815 495 954 554 constat?
1008 496 1092 556 cuins

85 587 210 645 iteratae
237 585 424 644 tractationis
451 583 529 644 ratic
556 583 676 643 videtur
704 582 809 642 similis
838 602 901 643 6666
929 583 976 642 1111
1004 604 1094 661 quam

84 676 117 734 in
138 677 261 752 argento
285 692 415 749 auroque
437 674 538 750 legato
560 673 690 731 valuisse
714 691 804 748 supra
827 672 947 732 conieci.

173 763 205 822 Si
223 762 295 839 quid
312 762 408 840 video,
427 761 555 821 Sabinus
574 762 630 820 hcc
648 761 745 838 capite
764 765 905 821 nontam
923 761 959 819 (16
975 761 1092 821 611616

86 871 173 928 quam
195 851 296 927 potius
319 852 356 910 de
378 851 505 910 officio
528 850 670 909 aedilium
691 850 839 909 curulium
856 869 892 908 66
910 869 985 926 quae
1004 851 1092 909 utilia

85 941 262 1002 videbantur
288 941 455 1016 proposuit,
483 959 526 998 ex.
549 938 648 1016 gratia
675 939 712 998 (16
740 938 917 1000 coercitione
939 939 1094 998 fabrorum

86 1034 116 1090 61
142 1029 375 1108 negotiatorum,
402 1028 538 1104 inprimis
564 1028 718 1086 fabrorum
745 1027 982 1106 argentariorum
1008 1023 1093 1105 (Tac.

87 1138 151 1179 ann.
168 1121 197 1196 2,
212 1119 252 1178 33
278 1117 356 1176 euim
379 1136 397 1176 6
414 1117 550 1194 patribus
569 1117 722 1176 decretum
740 1135 805 1176 esse
825 1116 930 1176 tradit:
955 1109 1003 1175 ‘ne
1021 1133 1094 1175 vasa

86 1227 158 1268 auro
186 1206 282 1266 solida
308 1206 513 1266 ministrandis
540 1205 614 1266 cibis
646 1201 829 1285 fierent'),
861 1205 935 1267 item
961 1205 1094 1282 negotia-

85 1299 185 1358 torum
208 1296 460 1373 argentariomm,
482 1294 705 1374 venaliciornm,
727 1295 946 1356 vestiariorum.
991 1295 1093 1370 itaque

89 1385 240 1464 Ulpianus,
263 1385 314 1460 qui
338 1384 373 1443 (16
397 1383 636 1459 argentariorum
656 1385 765 1460 legatis
783 1384 838 1445 boe
857 1382 954 1460 capite
973 1383 1094 1443 videtur

86 1472 206 1551 dixisse,
244 1473 381 1532 similiter
416 1472 633 1534 venaliciorum'
665 1473 715 1532 vel
749 1472 959 1533 vestiariorum
991 1473 1093 1548 legata

87 1568 207 1640 tangere
229 1563 338 1638 potuit.
384 1561 420 1621 (16
448 1560 558 1622 Sabino
585 1579 645 1620 non
672 1561 750 1620 idem
777 1561 889 1638 iudico;
916 1563 949 1620 at
972 1560 1095 1636 Ulpiani

85 1653 186 1712 aetate
208 1651 412 1727 negotiatores
433 1650 502 1710 11166
525 1651 690 1726 permultos
712 1651 805 1710 fuisse
828 1653 955 1710 constat.

493 1845 604 1904 Liber
626 1843 681 1905 ΙΠ.

175 1970 266 2030 Libro
284 1971 374 2030 tertio
390 1969 518 2030 Sabinus
535 1970 570 2028 (16
584 1968 842 2047 vindicationibus,
861 1971 897 2029 (16
912 1969 1095 2045 adquirendo

83 2079 186 2120 rerum
204 2077 257 2118 nec
275 2059 404 2136 mancipi
423 2058 561 2132 dominio,
581 2059 616 2117 de
636 2059 841 2136 servitutibus,
863 2059 900 2118 (16
918 2059 1035 2138 fiducia,
1059 2058 1094 2118 (16

81 2148 267 2226 postliminio
308 2147 428 2208 videtur
463 2147 580 2206 dixisse.
640 2147 799 2208 Iustiniani
834 2147 1028 2224 Digestorum
1062 2149 1096 2207 hi

82 2237 168 2298 tituli
191 2237 269 2296 inter
291 2255 323 2296 66
347 2237 526 2313 excipientes
550 2237 594 2296 De
621 2237 751 2297 iudiciis:
781 2238 834 2296 ubi
857 2238 982 2316 quisque
1005 2257 1094 2316 agere

80 2327 132 2386 vel
151 2326 302 2386 conveniri
322 2326 428 2385 debeat
447 2318 546 2407 (61),
565 2327 601 2384 de
618 2326 782 2387 inofficioso
800 2329 981 2387 testamento
1012 2328 1040 2398 5,
1050 2319 1094 2403 2),

81 2416 121 2473 de
144 2414 320 2474 hereditatis
342 2415 488 2490 petitione
513 2407 557 2495 (5,
573 2404 621 2495 3),
647 2415 683 2473 (16
710 2416 754 2474 rei
777 2416 974 2476 vindicatione
1016 2409 1094 2491 6,1)

81 2505 110 2563 61
139 2521 198 2563 666
225 2503 315 2579 primi
338 2504 443 2578 capitis
467 2505 677 2580 argumentum
699 2504 762 2562 fere
785 2503 930 2579 indicant,
959 2504 1094 2562 atcerte

80 2592 145 2651 illis
182 2593 286 2668 rebus,
322 2611 396 2668 quas
429 2590 556 2651 Sabinus
587 2591 644 2650 hoc
674 2590 740 2652 loco
772 2591 891 2651 videtur
923 2591 1093 2666 exposuisse

81 2674 192 2763 (Lenei
214 2702 243 2757 p.
258 2676 418 2762 81-85),
441 2680 552 2755 optime
575 2679 762 2740 conveniunt.

420 2851 471 2934 De
491 2852 756 2918 vindicationibus.

173 2977 384 3058 ‘Appellantur
411 3027 444 3041 ..
471 2982 503 3040 in
534 2999 598 3041 rem
630 3027 664 3043 ..
696 2981 826 3042 actiones
858 2973 1092 3040 vindicationes.'

77 3071 147 3132 Gai.
163 3074 192 3147 4,
208 3074 235 3130 5.
278 3065 421 3130 ‘actiones
445 3089 518 3146 quas
541 3071 573 3129 16
594 3090 652 3131 666
675 3073 791 3131 veteres
813 3069 991 3144 habuerunt,
1015 3068 1092 3143 legis

76 3161 215 3222 actiones
234 3153 485 3237 appellabantur?
517 3157 580 3219 cai.
597 3161 693 3233 4,11.
729 3154 794 3234 ‘per
811 3159 910 3236 legem
930 3157 1091 3216 Aebutiam

76 3254 110 3312 61
135 3249 211 3309 (1666
229 3248 322 3308 161166
346 3248 481 3309 sublatae
505 3251 573 3306 sunt
597 3248 674 3307 istae
696 3248 773 3324 legis
792 3248 923 3307 actiones
943 3247 1092 3306 effectum·

75 3359 138 3416 que
154 3342 209 3414 est,
223 3341 258 3398 ut
270 3358 324 3414 por
337 3341 478 3414 concepta
491 3337 592 3414 verba,
605 3336 636 3396 id
651 3340 698 3396 est
710 3357 763 3413 per
775 3337 919 3397 formulas
929 3337 1093 3414 litigemus.

62 3430 202 3487 'tantum
220 3447 255 3486 ex
274 3427 390 3487 duabus
409 3426 507 3486 causis
525 3425 705 3503 permissum
723 3429 770 3487 661
787 3427 854 3503 lege
869 3444 971 3502 agere:
992 3425 1093 3484 damni

74 3516 187 3576 infecti
219 3519 250 3576 et
281 3516 307 3576 si
339 3517 552 3577 centumvirale
583 3515 726 3577 iudicium
752 3515 890 3576 futurum
917 3518 970 3574 est.
1021 3533 1092 3575 sane

825 3613 880 3669 35*
