2506 3880
179 155 242 220 146
278 155 299 208 Ι.
323 153 478 210 AETATIS
496 155 653 212 AUGUSTI
671 156 717 212 ΕΤ
735 156 869 213 TIBERII
887 158 984 214 lURlS
1004 159 1206 218 cONSULTI

176 323 212 383 of.
232 323 267 382 D.
284 326 312 394 2,
328 325 357 398 8,
369 326 386 383 7
398 343 441 400 pr.
479 318 672 400 ‘Pomponius
694 325 772 386 libro
791 326 997 402 Epistularum
1021 327 1116 388 refert
1138 375 1147 390 .
1168 379 1174 391 .
1194 377 1203 394 .

178 415 209 471 et
228 459 234 472 .
250 458 256 470 .
273 459 279 470 .
298 411 480 486 Papinianus
501 413 578 473 libro
597 414 688 474 tertio
707 409 943 485 Quaestionum'.
981 415 1016 476 D.
1034 419 1084 492 13,
1103 421 1131 494 1,
1153 422 1202 482 18

135 503 137 508 '
178 501 323 560 Scaevola
345 500 422 560 libro
441 505 549 578 quarto
568 501 782 573 Quaestionum
802 498 845 563 ‘et
863 504 1044 580 Pomponius
1062 505 1202 582 Epistu-

175 590 274 648 larum
301 588 377 650 libro
406 593 511 651 octavo
609 586 673 651 ait'.
713 591 816 670 itaque
843 591 1065 669 Responsorum
1092 594 1201 658 libros

174 678 275 738 Labeo
298 678 412 755 primus
434 679 556 740 ridetur
579 681 787 755 composuisse.

265 766 350 837 Quod
364 767 487 827 Pernioe
501 768 517 827 Ι
529 771 567 827 61
589 768 674 828 dioit:
690 764 734 829 ‘es
754 769 821 829 sind
836 770 1202 849 Zusammenstellungen

176 855 240 914 auf
256 854 378 916 Grund
401 857 461 916 des
483 857 540 915 ius
559 858 802 933 respondendi
820 858 956 918 wirlrlieb
976 859 1199 937 abgegebener

174 937 378 1021 Weistdmer',
401 945 467 1021 ipso
485 945 790 1022 Labeonis'exemplo
813 947 967 1023 reprobari
985 951 1067 1024 puto.
1104 953 1198 1012 reete

176 1033 313 1112 Xrueger
335 1054 364 1110 p.
380 1035 455 1093 132:
481 1027 545 1094 ‘das
563 1034 610 1094 ius
629 1035 827 1110 respondendi
846 1036 900 1096 hat
918 1035 999 1096 disse
1017 1035 1197 1100 Verdffent·

175 1122 297 1200 liobung
320 1121 395 1181 eben
419 1141 451 1182 so
475 1122 574 1199 wenig
596 1123 653 1183 wie
676 1124 729 1183 das
751 1124 930 1201 respondere
954 1125 1048 1184 selbst
1066 1127 1122 1184 auf
1138 1129 1196 1190 die

69 1206 74 1220 '
175 1211 400 1288 privilegierten
423 1210 559 1270 Juristen
581 1207 783 1272 besobrtnkt'.

262 1299 431 1359 Labeonem
464 1299 595 1375 plurima
621 1319 763 1376 responsa
790 1300 918 1361 edidisse
946 1321 982 1360 ex
1011 1321 1045 1362 eo
1075 1321 1195 1380 eogno-

174 1388 276 1466 seitur,
299 1388 379 1464 quod
402 1387 533 1448 decimus
557 1389 681 1464 quintus
704 1389 780 1449 liber
802 1391 951 1450 laudatur.
987 1390 1101 1450 Paulus
1125 1393 1193 1453 Re-

177 1495 353 1553 sponsorum
376 1476 469 1536 libros
492 1477 594 1536 XXIII
619 1479 799 1555 composuit,
821 1478 1004 1555 Papinianus
1028 1482 1059 1539 et
1081 1477 1198 1542 blode-¹

174 1565 271 1625 stinus
294 1565 379 1643 XIX,
402 1565 546 1627 Scaevola
567 1565 624 1644 VI,
654 1566 792 1644 Papirius
805 1567 927 1644 Fronto
950 1567 1106 1626 minimum
1124 1569 1192 1650 III,

173 1653 321 1730 Ulpianus
339 1654 379 1732 II,
400 1654 564 1715 Marcellus
586 1655 697 1715 librum
721 1656 913 1734 singularem.
957 1655 1084 1716 Sabinus
1108 1665 1194 1733 quot

173 1743 267 1803 libros
283 1743 419 1822 ediderit,
433 1745 594 1804 nescimus:
613 1744 758 1804 secundus
772 1745 849 1805 liber
862 1745 1042 1805 nominatur.
1074 1749 1191 1822 ampli-

173 1832 279 1892 tudine
307 1832 403 1909 igitur
425 1832 573 1910 Labeonis
600 1852 708 1911 eorpus
734 1851 944 1909 responsorum
966 1834 1096 1909 primum
1119 1835 1191 1899 fere

174 1921 271 1980 loeum
295 1920 416 1980 videtur
438 1920 609 1982 obtinuisse.

261 2007 297 2066 In
325 2009 511 2086 quorundam
535 2010 655 2070 illorum
679 2010 825 2071 librorum
847 2010 1024 2089 fragmentis
1047 2010 1191 2086 priorum

173 2097 247 2155 iuris
271 2097 476 2157 consultorum
498 2115 641 2173 responsa
663 2098 838 2175 laudantur,
860 2099 892 2158 in
915 2099 1073 2176 Papiniani
1095 2100 1190 2165 libris

174 2203 216 2244 ex.
249 2204 294 2260 gr.
332 2184 430 2245 Servii
467 2182 592 2262 Sulpicii
630 2180 758 2267 (³Servio
791 2187 922 2265 Sulpicio
954 2181 1079 2264 plaeuit'
1112 2188 1190 2253 Vat.

172 2274 207 2332 fr.
233 2268 325 2350 294),
361 2274 393 2332 in
430 2274 517 2333 Pauli
552 2273 638 2334 libris
674 2275 784 2335 Iuliani
820 2271 1021 2358 (responsum
1058 2275 1189 2339 Iuliani'

172 2363 209 2421 D.
225 2363 276 2440 38,
290 2365 320 2440 2,
335 2353 392 2443 47)
422 2366 452 2422 et
485 2361 643 2424 Scaevolae
671 2357 841 2442 (Scaevola
867 2359 1032 2442 respondit'
1054 2365 1090 2424 D.
1106 2369 1136 2443 5,
1155 2373 1190 2449 1,

172 2443 292 2532 49,1),
318 2451 350 2511 in
378 2451 535 2511 Modestini
565 2452 650 2512 libris
678 2455 815 2514 veterum
841 2472 983 2531 responsa
1012 2448 1105 2534 (uum

172 2539 253 2616 apud
280 2543 395 2600 veteres
422 2542 462 2601 sit
487 2542 617 2600 relatum
641 2589 647 2602 .
668 2589 674 2602 .
695 2589 701 2603 .
725 2542 836 2602 etenim
862 2542 936 2602 iuris
968 2546 1104 2603 auotores
1134 2563 1189 2605 re·

172 2623 377 2705 sponderunt'.
412 2629 448 2688 D.
471 2623 655 2712 19,1,39).
702 2632 858 2708 quominus
885 2631 1033 2691 Labeonis
1060 2651 1189 2710 quoque

172 2737 314 2795 responsa
340 2719 372 2776 in
400 2719 445 2778 his
473 2719 559 2779 libris
582 2720 755 2797 laudentur,
785 2723 864 2780 oerte
887 2739 941 2796 per
965 2719 1189 2783 Tribonianum

173 2810 243 2882 stat,
267 2807 319 2884 qui
337 2810 474 2867 veterum
492 2807 710 2884 disputationes
730 2808 881 2889 delerent.
918 2828 954 2868 ex
972 2809 1072 2885 amplo
1091 2827 1189 2885 opere

171 2915 265 2955 unum
288 2897 407 2954 tantum
430 2897 633 2974 fragmentum
656 2900 809 2957 servatum
831 2900 885 2956 est.

478 3096 480 3100 ’
577 3089 686 3150 Liber
707 3090 769 3148 XV.

501 3209 555 3276 Ad
577 3217 664 3290 lepore
686 3213 844 3290 Aquilium.

263 3335 289 3398 l.
326 3332 440 3400 Oollat.
463 3335 513 3418 12,
533 3336 562 3414 7,
582 3335 611 3400 3.
666 3333 828 3418 Ulpianus
866 3334 951 3401 libro
988 3334 1101 3402 XVIII
1140 3341 1188 3406 ad

156 3459 157 3462 =
173 3418 312 3486 edietum
327 3419 377 3509 (P.
388 3421 476 3510 623).
494 3461 531 3470 -
606 3424 634 3488 si
653 3423 724 3508 quis
743 3423 881 3489 insulam
896 3425 1033 3490 voluerit
1047 3446 1187 3494 exurere

174 3510 207 3570 et
233 3508 318 3593 ignis
346 3512 445 3576 etiam
473 3513 512 3577 ad
540 3511 636 3578 vieini
662 3513 802 3577 insulam
824 3514 1018 3596 pervenerit,
1045 3513 1188 3597 Aquilia
