2512 3888
395 181 420 230 2.
444 173 626 230 MASURIUS
645 174 798 232 SABINUS
1036 177 1102 241 483

95 343 195 403 locum
217 341 384 401 substituta
406 342 455 415 sit,
478 359 529 402 sex
552 342 637 402 annis
655 343 839 403 frumentum
857 344 980 405 Romam
1001 348 1101 420 porte·

93 431 180 493 verit.
221 433 376 506 praeterea
399 450 418 490 a
439 430 556 490 Nerone
579 430 774 491 constitutum
798 436 851 504 est,
874 436 909 492 ut
930 434 956 492 si
973 433 1099 494 Latinus

94 521 146 598 qui
171 519 386 596 patrimonium
409 519 581 579 sestertium
603 517 651 578 OC
674 521 790 579 milium
813 520 945 596 plurisve
968 522 1099 600 habebit,

93 611 125 669 in
150 608 225 668 urbe
248 608 343 667 Roma
369 607 491 668 domum
513 607 727 682 aedificaverit,
754 609 786 667 in
809 627 899 686 quam
920 628 979 668 non
1001 611 1099 672 minus

94 716 184 776 quam
219 699 336 774 partem
368 696 520 756 dimidiam
551 697 724 773 patrimonii
756 697 803 756 sui
834 697 1016 777 inpenderit,
1050 701 1097 760 ius

94 786 257 858 Quiritium
280 779 505 864 consequatur'..
536 784 600 846 Gai.
617 789 644 863 1,
661 787 799 846 28-33.

182 874 315 934 Pessima
337 874 463 950 danique
484 874 608 934 libertas
626 893 728 934 eorum
747 877 802 951 est,
825 874 876 951 qui
895 875 974 934 serui
991 894 1099 950 magna

93 963 280 1040 turpitudine
303 963 452 1023 notabiles
474 963 651 1022 manumissi
669 965 749 1023 sunt.
785 956 875 1040 ‘lege'
899 963 978 1022 enim
1001 958 1099 1023 ‘Aelia

94 1052 196 1114 Sentis
224 1053 360 1126 cavetur,
392 1054 427 1112 ut
454 1051 505 1129 qui
533 1052 612 1112 servi
640 1071 658 1111 a
685 1052 811 1112 dominis
838 1069 951 1127 poenae
979 1052 1098 1110 nomine

92 1142 185 1204 vineti
208 1141 276 1219 sint,
300 1141 446 1217 quibusve
470 1141 613 1217 stigmata
633 1141 778 1217 inscripta
801 1140 870 1218 sint,
893 1140 966 1200 devs
990 1139 1098 1217 quibus

93 1231 130 1291 ob
161 1229 269 1290 noxam
301 1229 436 1305 quaestio
463 1229 621 1289 tormentis
648 1229 751 1290 habita
779 1229 818 1288 sit
845 1231 876 1289 et
902 1229 934 1288 in
961 1247 996 1288 ea
1022 1247 1099 1289 noxa

90 1319 183 1380 fuisse
203 1317 330 1378 convicti
349 1318 417 1390 sint,
441 1316 528 1394 quive
547 1321 582 1376 ut
604 1319 683 1377 ferro
707 1322 759 1377 aut
777 1337 844 1376 oum
862 1316 967 1377 bestiis
986 1316 1098 1394 depug-

90 1412 198 1467 narent
226 1406 333 1465 traditi
356 1406 430 1478 sint,
457 1406 525 1464 inve
548 1405 653 1464 ludum
677 1406 880 1467 custodiamus
903 1406 1028 1466 eonieoti
1050 1407 1098 1464 fu-
1164 1426 1168 1432 ’

92 1496 178 1571 erint,
201 1497 232 1555 et
255 1497 360 1569 postea
377 1495 427 1553 vel
447 1494 484 1553 ab
504 1493 608 1553 eodem
631 1495 759 1572 domino,
782 1495 830 1554 vel
853 1495 890 1554 ab
914 1494 972 1553 alio
995 1513 1099 1552 manu·

91 1584 183 1661 missi,
198 1582 331 1642 eiusdem
344 1581 525 1642 oondioionis
539 1582 626 1641 liberi
638 1582 721 1656 fiant,
735 1583 819 1642 ouius
834 1582 1014 1642 oondioionis
1028 1586 1098 1642 sunt

91 1671 242 1750 peregrini
265 1663 418 1731 dediticii'.
460 1664 562 1730 ‘huius
585 1689 655 1748 ergo
678 1671 876 1746 turpitudinis
900 1689 1001 1732 servos
1023 1690 1099 1748 quo-

92 1779 218 1838 cumque
246 1759 334 1820 modo
363 1762 393 1818 et
421 1758 634 1836 ouiusoumque
662 1759 771 1818 aetatis
799 1759 1011 1838 manumissos,
1040 1759 1098 1819 etsi

89 1851 178 1926 pleno
201 1850 266 1909 iure
289 1848 476 1908 dominorum
505 1846 630 1924 fuerint,
662 1866 825 1925 numquam
852 1851 905 1908 sut
933 1847 1010 1908 eires
1038 1848 1097 1908 Ro-

90 1958 193 1999 manos
227 1940 280 1998 aut
306 1937 430 1997 Latinos
461 1936 527 1996 fieri
558 1935 690 1995 dicemus
713 1980 721 1996 .
741 1981 747 1994 .
770 1953 824 1996 neo
855 1936 920 1995 ulla
950 1936 1017 2013 lege
1044 1938 1098 1996 aut

91 2031 212 2087 senatus
241 2026 376 2087 consulto
405 2028 458 2086 aut
486 2025 700 2086 constitutions
727 2024 885 2102 principali
914 2025 1013 2086 aditus
1034 2024 1096 2085 illis

90 2116 129 2175 ad
152 2115 305 2176 civitatem
328 2115 491 2174 Romanam
514 2113 611 2175 datur.
649 2113 835 2192 quinetiam
857 2113 888 2172 in
909 2114 983 2173 urbe
1001 2114 1098 2174 Roma

90 2205 139 2265 vel
174 2204 256 2263 intra
291 2203 485 2264 centesimum
520 2203 605 2263 urbis
642 2203 752 2262 Romae
788 2202 951 2262 miliarium
986 2202 1096 2262 morari

89 2292 299 2370 prohibentur3
336 2295 367 2352 et
400 2292 426 2352 si
457 2293 507 2370 qui
540 2294 645 2352 eontra
676 2311 711 2351 ea
741 2292 878 2368 fecerint,
915 2292 974 2368 ipsi
1003 2291 1095 2351 bona·

90 2399 149 2459 que
186 2399 287 2440 eorum
317 2381 435 2457 publice
468 2381 569 2441 venire
601 2381 742 2440 iubentur
774 2398 810 2439 ea
842 2380 1025 2455 condicione,
1060 2381 1096 2439 ut

88 2487 127 2528 ne
159 2469 191 2528 in
222 2468 295 2528 urbe
327 2470 422 2528 Roma
453 2470 502 2529 uel
533 2469 614 2527 intra
646 2467 840 2527 centesimum
871 2468 953 2527 urbis
984 2469 1096 2528 Romae

89 2557 252 2617 miliarium
286 2557 419 2618 serviant
448 2576 523 2616 neve
550 2574 683 2632 unquam
710 2555 974 2632 manumittantur;
1007 2558 1038 2614 et
1069 2555 1095 2614 si

88 2646 264 2706 manumissi
286 2646 407 2720 fuerint,
430 2645 509 2705 servi
530 2644 635 2720 populi
652 2642 779 2703 Romani
799 2661 863 2702 esse
881 2642 1021 2702 iubentur
1040 2690 1046 2702 .
1065 2645 1095 2702 et

88 2736 162 2796 haee
189 2735 233 2794 ita
260 2734 327 2811 lege
350 2733 437 2793 Aeliu
461 2733 565 2792 Sentis
591 2732 801 2808 comprehensa
824 2724 913 2790 sunt'
960 2724 1022 2808 ‘qui
1045 2729 1095 2789 da·

90 2824 260 2884 ditioiorum
278 2841 402 2883 numero
421 2824 500 2898 sunt,
522 2822 605 2881 nullo
623 2820 710 2881 modo
732 2839 767 2879 ex
789 2820 969 2879 testamento
992 2837 1095 2894 cepere

88 2915 225 2990 possunt,
243 2931 303 2972 non
320 2911 416 2990 magis
435 2929 526 2988 quam
544 2910 673 2988 quilibet
690 2901 886 2987 peregrinus!
922 2906 985 2968 Gai.
1001 2909 1029 2983 1,
1044 2907 1095 2966 26.

179 3120 244 3186 59?
269 3117 338 3184 Gai.
354 3118 529 3202 1,25.—.
545 3167 551 3182 .
565 3166 574 3184 .
587 3139 645 3183 neo
663 3117 726 3203 ipsi
744 3120 973 3181 testamentum
990 3113 1095 3179 faeere

87 3213 225 3296 possunt
247 3206 306 3296 (so.
329 3209 384 3293 qui
407 3207 630 3271 dediticiorum
652 3226 785 3270 numero
809 3201 897 3290 sunt)
921 3202 1095 3268 seeundum

87 3298 121 3362 id
145 3299 230 3383 quod
255 3297 360 3383 magis
383 3295 515 3380 placuit.

179 3417 281 3477 Sebini
303 3418 429 3478 fortasse
453 3415 602 3476 sententia
624 3415 734 3474 subest

180 3529 231 3598 60.
264 3525 393 3612 Gella,
410 3526 620 3612 19,11-14.
645 3561 683 3572 -
708 3523 893 3590 Libertinos
922 3573 950 3589 ..
979 3523 1019 3588 ab
1046 3519 1094 3588 in·

829 3627 884 3683 31*
