2508 3896
162 191 228 257 506
269 191 304 245 II.
332 189 398 244 ΤΙΒ.
418 187 493 244 Gan
517 184 1045 244 onnub.uuaoa.uun1³.1uals
1071 185 1168 242 CONS.
1225 191 1227 204 ⁴

161 378 230 418 enm
258 360 437 436 agnatorum
464 357 578 416 tutelae
600 355 633 415 in
655 355 774 416 feminis
797 355 863 433 lege
887 353 1013 415 Claudia
1037 355 1168 416 sublatae

161 440 242 509 sint'
279 444 343 506 Gai.
360 449 388 523 1,
405 447 587 507 loo—172.

253 573 338 639 107?
363 571 433 638 Gai.
449 575 478 656 1,
495 574 565 638 172.
582 610 620 620 -
637 623 644 638 .
660 571 864 640 ‚fiduciarius
884 619 914 636 ..
934 571 1065 658 quidam
1079 575 1166 655 puta-

162 666 277 728 verunt
304 662 463 728 sedandae
485 663 607 728 tutelae
630 663 680 728 ius
703 683 770 727 non
792 660 924 744 habere,
952 682 1025 725 oum
1049 659 1113 744 ipsi
1135 682 1165 725 se
1227 689 1228 712 ι

157 751 252 816 oneri
275 752 475 817 subiecerint.

250 889 355 950 Potest
377 888 481 950 Sabini
502 889 652 948 sententia
674 890 804 949 subesse.

250 972 348 1050 ‘Quod
384 978 441 1039 etsi
476 979 606 1054 placeat,
643 978 674 1036 in
705 980 830 1053 parents
861 979 963 1036 tamen
994 975 1046 1053 qui
1078 975 1167 1036 filiam

157 1071 319 1144 neptemve
348 1070 402 1127 aut
428 1069 604 1143 proneptem
631 1066 720 1126 alteri
746 1084 783 1126 ea
809 1066 875 1144 lege
903 1064 1052 1142 manoipio
1080 1064 1167 1142 dedit„

157 1160 197 1216 ut
215 1156 272 1217 sibi
290 1156 552 1233 remanoiparetur,
574 1156 867 1232 remancipatamqus
885 1153 1071 1230 manumisit,
1092 1153 1166 1213 idem

157 1245 222 1306 diei
243 1264 303 1305 non
322 1243 418 1319 debet,
441 1263 509 1303 eum
527 1244 553 1303 is
573 1247 604 1303 et
621 1244 776 1322 legitimus
794 1247 879 1304 tutor
896 1243 1044 1302 habeatur
1063 1247 1094 1302 et
1111 1261 1166 1303 non

159 1334 260 1394 minus
282 1334 353 1393 huie
376 1351 467 1411 quam
489 1334 622 1409 patronis
645 1334 741 1393 honor
763 1331 962 1410 praestandus
986 1323 1045 1391 sit'

249 1416 421 1482 ‘Praeterea
443 1423 703 1482 senatusconsulto
725 1421 903 1481 mulieribus
925 1419 1105 1496 permissum
1122 1421 1166 1479 est

160 1511 191 1570 in
220 1511 353 1570 absentis
375 1511 483 1570 tutoris
507 1512 606 1570 looum
629 1510 721 1570 alium
744 1513 859 1588 petore3
888 1528 946 1586 quo
970 1508 1065 1586 petito
1088 1508 1167 1586 prior

156 1599 282 1677 desinit3
298 1618 353 1659 neo
366 1600 493 1660 interest
502 1618 592 1677 quam
601 1600 690 1677 longe
703 1599 782 1658 absit
790 1599 817 1658 is
827 1601 919 1658 tutor.
952 1596 1004 1656 sed
1013 1597 1166 1673 excipitur,

159 1707 197 1748 ne
216 1689 249 1748 in
266 1688 398 1748 absentis
416 1689 536 1766 patroni
553 1689 653 1748 looum
666 1688 757 1747 lieeat
771 1688 898 1747 libertae
911 1688 1043 1747 tutorem
1058 1690 1167 1762 petere.

158 1777 281 1854 patroni
308 1780 406 1837 autem
436 1778 501 1837 loeo
529 1777 672 1836 habemus
700 1777 792 1836 etiam
814 1777 969 1852 parentem
992 1774 1044 1851 qui
1068 1793 1105 1834 ex
1127 1793 1168 1853 eo,

158 1865 240 1941 quod
271 1865 335 1942 ipse
367 1866 423 1926 sibi
455 1868 690 1944 remancipatam
716 1865 811 1925 filiam
836 1867 994 1940 neptemve
1021 1867 1077 1924 aut
1103 1882 1169 1940 pro·

158 1958 278 2030 neptem
302 1955 484 2031 manumisit,
507 1955 675 2030 legitimam
696 1955 825 2014 tutelam
846 1955 954 2013 neotus
976 1954 1029 2012 est.
1072 1946 1168 2033 (aad)

159 2042 250 2101 huius
282 2042 402 2118 quidem
433 2043 522 2102 liberi
552 2043 700 2102 fiduciarii
725 2043 837 2102 tutoris
863 2043 930 2101 loeo
958 2045 1168 2119 numerantur3

160 2129 280 2205 patroni
303 2133 404 2190 autem
426 2131 514 2190 liberi
537 2130 667 2190 eandem
684 2133 811 2190 tutelam
835 2131 1049 2209 adipiscuntur,
1080 2148 1171 2206 quam

158 2222 192 2277 et
218 2221 305 2293 pater
333 2237 435 2278 eorum
461 2219 575 2279 habuit.
622 2220 674 2279 sed
696 2219 858 2298 aliquando
882 2219 973 2278 etiam
995 2218 1027 2276 in
1049 2217 1171 2296 patroni

159 2307 293 2367 absentis
328 2307 428 2367 locum
463 2308 651 2384 permittitur
686 2311 817 2369 tutorem
852 2309 968 2385 petere,
1004 2306 1101 2368 veluti
1133 2306 1171 2367 ad

160 2395 358 2455 hereditatem
386 2396 562 2458 adeundam.
607 2397 686 2457 idem
714 2400 835 2458 senatus
858 2396 975 2456 oensuit
997 2399 1029 2455 et
1050 2395 1083 2454 in
1106 2415 1172 2472 per-

158 2503 234 2546 sona
251 2485 359 2561 pnpilli
376 2487 497 2562 patroni
513 2486 577 2547 filii.
617 2506 689 2546 nam
706 2491 738 2547 et
755 2487 821 2565 lege
840 2485 920 2545 Iulia
938 2484 973 2544 de
992 2484 1172 2544 maritandis

160 2573 316 2634 ordinibus
335 2574 362 2633 ei
381 2593 456 2653 quae
475 2577 507 2635 iu
525 2575 662 2654 legitima
679 2577 777 2636 tutela
791 2574 902 2653 pnpilli
917 2574 965 2653 ait,
984 2574 1173 2650 permittitur

161 2662 240 2723 dotis
255 2664 480 2724 constituendae
494 2665 593 2744 gratia
607 2670 776 2741 apraetore
789 2665 905 2725 urbano
917 2664 1051 2722 tutorem
1060 2666 1172 2738 petere.

159 2769 232 2811 sane
258 2752 379 2828 patroni
400 2753 479 2813 filius
503 2754 622 2814 etiamsi
643 2753 769 2830 inpubes
793 2753 846 2832 sit,
873 2751 1000 2811 libertae
1024 2751 1173 2811 efficietur

158 2844 253 2917 tutor,
276 2860 457 2919 quamquam
478 2843 511 2901 in
532 2842 618 2900 nulla
637 2861 670 2900 re
688 2844 793 2901 auotor
810 2840 877 2901 fieri
893 2842 1002 2918 potest,
1027 2858 1095 2898 oum
1114 2840 1174 2917 ipsi

160 2929 234 2988 nihil
263 2929 441 3005 permissum
467 2931 507 2990 sit
529 2931 593 2989 siue
615 2930 726 2990 tutoris
750 2930 930 2990 auctoritate
953 2947 1051 3006 agere.
1097 2929 1173 2990 item

161 3017 188 3076 si
211 3036 271 3093 qua
293 3017 326 3076 in
348 3019 446 3077 tutela
463 3018 599 3096 legitima
619 3018 726 3078 furiosi
744 3021 798 3079 aut
817 3017 894 3077 muti
912 3017 961 3097 sit,
983 3017 1176 3093 permittitur

159 3106 189 3164 ei
230 3107 489 3166 senatusconsulto
525 3106 604 3167 dotis
641 3107 866 3168 constituendae
903 3105 1001 3184 gratia
1037 3109 1176 3167 tutorem

159 3196 270 3270 petere.
315 3193 426 3270 quibus
453 3194 571 3255 nasibus
598 3197 714 3257 salvam
739 3213 861 3256 manere
889 3195 1016 3254 tutelam
1043 3197 1175 3270 patrono

159 3282 341 3360 patronique
358 3282 420 3342 filio
439 3283 630 3344 manifestum
649 3290 703 3345 est.
739 3289 896 3361 praeterea
909 3285 1031 3344 senatus
1046 3284 1175 3361 censuit,

160 3371 196 3429 ut
218 3369 245 3429 ei
267 3371 351 3429 tutor
373 3371 481 3448 pupilli
503 3373 674 3449 pupillaeve
697 3378 854 3450 suspectus
877 3392 895 3432 a
916 3372 1016 3432 tutela
1038 3375 1176 3433 remotus

160 3455 213 3531 sit,
242 3457 304 3516 sive
332 3476 368 3516 ex
394 3458 475 3518 iuste
503 3479 594 3520 eausa
616 3461 709 3522 fuerit
731 3464 903 3540 exeusatus‚
930 3461 962 3519 in
984 3461 1086 3520 looum
1109 3461 1177 3520 eins

158 3541 238 3600 alius
264 3545 349 3603 tutor
374 3545 475 3626 detur,
502 3567 561 3624 qno
584 3549 664 3608 faeto
687 3549 770 3626 prior
792 3552 876 3610 tutor
898 3549 1020 3609 amittet
1040 3550 1176 3610 tutelam
