2508 3896
155 197 221 262 566
258 197 291 253 n.
315 195 382 252 rm.
406 196 482 251 ann
504 195 633 253 omno.
658 196 794 256 nuncu.
816 183 924 254 anne.
948 197 1165 256 moncons.
1242 181 1244 260 Ξ

245 359 296 426 30.
327 359 367 426 D.
381 361 433 442 49,
450 360 499 444 15,
516 361 566 442 12,
580 360 610 426 9.
660 359 889 446 Tryphoninus
926 356 1011 426 libro
1052 367 1167 447 quarto

156 447 424 531 Disputationum
444 447 492 534 (P.
505 446 570 536 13).
588 486 634 498 -
713 449 799 533 apud
816 449 928 515 hostes
951 451 1167 516 manumissus

156 537 328 620 liberatur,
360 544 394 603 ct
423 541 534 603 tamen
566 537 594 602 si
621 559 695 602 eum
722 542 860 604 nanctus
888 538 1039 604 dominus
1066 539 1166 624 ipsius

156 628 250 692 vetus
278 626 365 692 intra
388 626 548 712 praesidia
570 633 681 692 nostra
705 626 833 711 fuisset,
859 627 1007 713 quamvis
1031 649 1099 694 non
1121 650 1166 694 so-

156 717 265 780 outnm
292 737 344 780 res
371 722 515 797 nostras,
543 715 598 780 sed
626 714 703 780 dum
729 736 767 780 eo
791 717 926 782 consilio
950 717 1107 803 venisset,
1132 721 1167 782 nt

158 803 199 868 ad
218 803 292 870 illos
311 808 535 888 reverteretur,
559 825 685 871 serrum
704 805 860 869 retineret
877 804 946 869 iure
965 806 1167 888 postliminii.

156 893 242 978 quod
269 893 311 958 in.
331 893 441 959 liberis
468 893 564 958 aliter
586 897 669 958 erat:
696 914 763 957 non
787 893 872 958 enim
894 894 1098 978 postliminio
1120 917 1166 960 re-

156 982 357 1060 vertebatur,
383 981 447 1046 nisi
475 982 532 1066 qui
559 981 622 1046 hoc
649 982 758 1046 animo
787 981 828 1046 ad
852 1004 927 1047 suos
951 983 1107 1065 venisset,
1132 987 1168 1049 ut
1243 1043 1244 1060 ,

157 1092 268 1137 eorum
299 1092 350 1135 res
384 1073 571 1155 sequeretur
597 1070 735 1155 illosque
763 1071 972 1156 relinqueret,
1005 1093 1024 1136 a
1052 1072 1166 1156 quibus
1243 1083 1244 1094 ¹

156 1160 291 1244 abisset,
328 1159 416 1244 quia,
454 1163 490 1223 ut
521 1154 660 1224 Sabinus
696 1159 821 1244 scribit,
858 1160 896 1224 ds
928 1181 988 1224 sua
1020 1159 1166 1226 eivitate¹

154 1247 269 1333 cuique
302 1247 516 1313 constituendi
549 1247 688 1312 facultas
721 1248 822 1312 libera
855 1252 918 1332 est,
950 1270 1016 1313 non
1047 1250 1085 1314 de
1114 1249 1167 1314 do·

155 1358 348 1401 m1n111ure.

245 1426 310 1491 31?
329 1424 369 1490 D.
378 1426 431 1508 47,
441 1425 471 1507 2,
482 1427 523 1489 41
533 1448 579 1510 pr.
614 1423 774 1508 Ulpianus
793 1426 878 1491 libro
897 1426 1166 1512 quadragensimo

154 1516 259 1599 primo
292 1515 332 1578 ad
362 1512 517 1578 Sabinum
545 1512 595 1598 (P.
614 1511 741 1599 28682).
775 1549 813 1562 -
847 1513 893 1599 Si,
926 1537 1015 1580 cum·
1033 1516 1104 1599 quis
1135 1517 1167 1580 in
1243 1565 1244 1570 .

156 1603 301 1668 hostium
323 1607 487 1687 potestate
510 1607 603 1688 esset,
624 1602 746 1667 furtum
771 1605 800 1667 ei
824 1604 946 1670 factum
969 1604 1013 1668 sit
1031 1610 1064 1669 et
1084 1608 1167 1688 post
1243 1635 1244 1690 p

154 1691 280 1757 liminio
307 1692 452 1775 redierit,
480 1691 600 1776 poterit
627 1691 698 1775 quis
722 1691 826 1756 dicere
850 1714 921 1756 eum
945 1693 1025 1757 furti
1050 1693 1167 1758 habere

158 1780 327 1846 actionem.
688 1859 691 1863 .

244 1874 280 1935 cl.
298 1874 422 1935 Pernice
444 1874 469 1951 I,
485 1876 592 1935 37811.
608 1877 658 1935 62.

245 1958 312 2023 32?
342 1957 381 2023 D.
400 1959 518 2037 49,15,
535 1958 586 2022 20.
635 1957 835 2043 Pomponius
864 1959 949 2024 libro
976 1959 1168 2045 trigensimo

156 2049 247 2112 sexto
281 2046 322 2111 ad
350 2044 516 2112 Sabinum.
544 2083 586 2094 -
614 2045 737 2111 Verum
771 2052 821 2112 est
849 2048 990 2132 expulsis
1018 2049 1168 2114 hostibus

156 2156 195 2199 ex
221 2135 309 2218 agris
333 2156 414 2218 quos
438 2135 582 2218 ceperint
605 2134 746 2200 dominia
770 2157 880 2201 eorum
904 2136 945 2200 ad
967 2136 1093 2220 priores
1116 2137 1170 2202 do·

156 2223 262 2288 minos
280 2221 384 2287 redire
403 2244 462 2287 nec
482 2225 539 2287 aut
557 2223 716 2306 publicari
734 2228 791 2290 aut
806 2223 944 2309 praedas
957 2226 1029 2290 loeo
1045 2227 1170 2308 cedere,

156 2311 340 2396 publicatur
367 2311 453 2376 enim
476 2310 531 2375 ille
555 2332 634 2397 ager
657 2312 712 2397 qui
736 2335 775 2378 ex
798 2313 948 2379 hostibus
971 2317 1087 2398 captus
1117 2314 1170 2379 sit

245 2530 270 2589 Ε
295 2530 451 2607 Pomponii
474 2530 562 2591 Pauli
584 2530 708 2607 Ulpiani
731 2531 815 2591 libris
839 2531 877 2591 ad
898 2531 1044 2591 Sabinum
1067 2531 1171 2608 pluras

155 2620 246 2680 etiarn
261 2619 364 2680 Sabini
378 2619 541 2680 sententias
557 2621 659 2680 licebit
678 2639 790 2698 eruere,
812 2621 838 2680 si
856 2620 977 2696 quidem
995 2621 1028 2678 in
1047 2619 1103 2680 has
1121 2639 1170 2679 rss

157 2709 331 2787 diligentius
352 2708 529 2787 inquisitum
550 2710 649 2768 fuerit.
684 2728 714 2770 v.
734 2729 770 2768 ex
788 2729 833 2788 gr.
852 2710 889 2768 de
909 2708 1067 2784 Pomponii
1085 2709 1171 2768 libris

155 2797 278 2858 Pernice
297 2798 398 2858 Labeo
417 2798 521 2858 1327.
536 2799 610 2858 448.
629 2790 762 2858 112347.
778 2800 850 2859 379.
869 2797 1006 2872 111218,
1025 2797 1064 2856 de
1083 2797 1172 2856 Pauli

155 2886 254 2947 libris:
282 2887 386 2947 1312.
402 2889 475 2947 313.
493 2888 566 2963 384,
596 2887 632 2944 da
655 2885 778 2962 Ulpiani
801 2887 885 2946 libris
908 2887 1013 2946 1313.
1036 2878 1082 2945 11¹
1096 2889 1170 2946 217.

160 2977 234 3036 233.
252 2978 323 3037 376.
348 2976 384 3036 cf.
405 2975 519 3035 Cuiacii
543 2976 604 3035 obs.
628 2973 696 3048 VII,
721 2978 769 3036 39.
794 2975 887 3049 XXH,
912 2977 962 3035 38.
985 2974 1096 3052 XXIV,
1119 2978 1171 3036 30.

329 3134 364 3195 X.
397 3134 449 3194 Ad
474 3136 629 3194 edictum
651 3135 835 3212 praetoris
859 3135 996 3194 urbani.

246 3239 424 3299 Laudentur
446 3239 515 3298 libri
540 3258 558 3299 a
581 3240 674 3300 Paulo
697 3234 746 3323 (D.
762 3243 813 3318 38,
830 3244 858 3314 1,
874 3234 944 3320 17):
968 3235 1110 3302 ‘Sabinus
1133 3241 1172 3300 ad

156 3327 287 3386 edictum
318 3329 466 3404 praetoris
493 3329 601 3389 urbani
628 3331 705 3390 libro
733 3330 838 3406 quinto
867 3321 991 3389 scn'bit'.
1037 3331 1172 3390 eiusdem

156 3417 326 3491 argumenti
355 3417 449 3476 libros
477 3420 547 3476 ante
575 3417 718 3478 Sabinum
740 3418 841 3478 Labeo
869 3418 1038 3495 composuit
1065 3412 1174 3503 (supra

166 3607 167 3612 ,
229 3568 243 3614 1
264 3563 312 3619 Fl.
332 3582 386 3634 qua
406 3565 530 3621 civitate.
