2580 3888
409 194 433 243 2.
458 185 641 243 MASURIUS
662 187 814 244 SABINUS
1054 185 1120 250 367

105 373 128 416 a
160 351 248 416 uobis
278 355 334 435 cst,
366 351 488 416 cabula
520 372 541 415 a
571 351 771 432 relinquendo
803 343 931 437 dictum,
959 357 1121 434 tamquam

105 441 312 506 mamaeae
333 461 354 503 a
376 440 512 505 carendo.

195 535 232 593 cf.
256 533 393 594 Servium
417 532 583 609 Sulpicium
605 532 621 592 I
638 553 667 607 p.
683 535 744 592 241
765 533 801 592 fr.
818 534 847 592 3.

188 711 239 772 IV.
272 711 570 771 Adsessoriorum
593 710 651 771 vel
673 710 907 771 Adsessorius
929 712 1031 772 liber.

194 837 351 896 Laudatur
387 836 424 894 ab
456 835 586 912 Ulpiano
622 829 663 917 (v.
695 827 799 918 infra).
853 839 922 912 post
952 836 1119 896 Masurium

105 924 290 985 Puteolanus
325 925 419 985 libros
455 925 690 984 adsessoriorum
723 925 842 1001 scripsit
875 917 924 1006 (D.
941 928 969 1001 2,
992 929 1041 1002 14,
1063 928 1119 985 12:

106 1010 302 1074 ‘Puteolanus
334 1014 411 1074 libro
443 1014 539 1090 primo
572 1013 809 1074 adsessoriorum
841 1007 981 1093 scribit').
1035 1015 1121 1073 cuius

105 1104 243 1180 opusculi
270 1123 366 1180 neque
393 1104 430 1162 de
457 1103 549 1162 titulo
576 1122 671 1178 nsque
696 1103 731 1162 de
755 1107 932 1180 argumento
955 1103 1013 1162 viri
1038 1103 1119 1163 docti

107 1193 305 1252 consentiunt.
339 1187 427 1251 ‘liber
446 1185 696 1269 assessoriorum',
715 1192 795 1268 quod
813 1212 921 1252 nomen
943 1191 1120 1251 KarlowaI

107 1283 170 1341 687
200 1299 269 1340 cum
301 1281 368 1339 aliis
396 1283 564 1358 proposuit,
597 1281 717 1341 videtur
749 1281 946 1357 reiciendum,
979 1300 1046 1340 cum
1076 1275 1119 1338 ‘in

106 1363 293 1442 adsessorio',
317 1369 395 1444 quod
427 1370 573 1440 traditur,
607 1362 705 1428 ‘libro'
739 1369 879 1429 videatur
912 1369 1118 1446 supplendum.

108 1460 320 1533 argumentum
344 1475 415 1518 vero
438 1457 477 1515 ad
500 1456 662 1517 adsessoris
686 1458 832 1535 officium,
861 1459 898 1518 de
921 1479 980 1535 quo
1004 1457 1118 1517 Paulus

108 1547 220 1604 librum
239 1545 421 1622 singularem
443 1546 611 1620 composuit
633 1539 680 1625 (P.
698 1538 887 1628 1049-52)
907 1553 938 1606 et
955 1546 1119 1607 Iustiniani

107 1635 302 1711 Digestorum
324 1635 415 1694 titulo
437 1636 465 1711 1,
481 1636 520 1692 22
546 1635 656 1712 agitur,
677 1635 890 1694 illustrandum
912 1637 1034 1695 videtur
1051 1654 1118 1711 per-

107 1723 243 1800 tinuisse,
267 1741 448 1800 quamquam
471 1721 793 1801 Buttmann-,Hollweg
815 1724 900 1785 Rom.
924 1724 1119 1801 Oivilproaess

105 1812 137 1872 Π
163 1813 224 1873 137
249 1814 316 1871 n.9
344 1812 430 1871 docet
458 1804 526 1870 ‘Die
553 1811 624 1870 libri
652 1811 886 1872 adsessoriorum
914 1813 965 1874 des
990 1814 1120 1874 Sabinus

106 1903 167 1960 und
186 1900 370 1960 Puteolanus
391 1901 554 1960 enthielten
570 1900 762 1977 Rechcsfalle,
781 1901 837 1960 wie
857 1902 900 1961 sie
919 1903 996 1962 auch
1014 1903 1119 1962 frther

105 2010 164 2051 von
179 1991 237 2049 den
250 1990 415 2049 Beisitaern
429 1991 606 2068 gesammelt
619 1989 738 2050 werden
751 1985 904 2052 konnten'.
932 1995 1039 2052 contra
1052 1991 1119 2051 iura

106 2079 179 2138 dicit
196 2078 234 2139 H.
252 2078 375 2138 Pernice
395 2079 586 2139 Miscellanea
603 2099 633 2155 p.
648 2082 689 2138 22
703 2099 731 2138 n.
748 2081 776 2140 5.
809 2081 887 2140 sicut
905 2079 1010 2141 Celsus
1030 2084 1118 2157 pater

105 2168 137 2227 in
152 2167 275 2228 consilio
285 2167 400 2227 Duceni
410 2167 481 2227 Veri
496 2169 625 2228 consulis
639 2169 732 2228 fuisse
747 2169 878 2228 traditur
888 2165 939 2250 (D.
948 2173 999 2249 31,
1009 2162 1117 2252 29pr.)

107 2260 138 2316 et
156 2256 269 2316 Paulus
287 2260 457 2332 praetorem
475 2276 505 2317 se
524 2257 679 2317 adsidente
698 2258 910 2318 interlocutum
930 2279 993 2319 esse
1012 2262 1120 2318 narrat

107 2344 157 2424 (D.
174 2347 203 2422 4,
218 2349 247 2422 2,
264 2348 291 2423 9,
308 2341 351 2424 3),
374 2347 417 2404 ita
435 2347 600 2405 Masurium
620 2366 737 2424 quoque
755 2347 787 2407 in
805 2349 1048 2427 magistratuum,
1071 2349 1116 2406 in·

105 2434 210 2511 primis
235 2438 408 2509 praetorum
430 2435 553 2494 consilio
578 2436 681 2494 adesse
706 2437 893 2496 consuevisse
923 2441 954 2496 et
981 2456 1017 2496 ea
1041 2455 1118 2514 quae

105 2541 164 2582 usu
195 2522 352 2596 didicerat,
385 2524 416 2582 in
443 2524 520 2582 hunc
548 2523 660 2582 librum
687 2525 848 2583 contulisse
877 2525 946 2584 licet
975 2525 1116 2584 conicere.

104 2615 238 2671 ceterum
257 2611 292 2670 de
310 2611 400 2670 huius
419 2611 527 2670 aetatis
546 2611 719 2686 iurisperitc
735 2612 887 2671 adsessore
901 2633 929 2672 v.
943 2612 980 2671 Α.
994 2613 1118 2672 Pernice

106 2702 137 2762 Z.
158 2701 185 2762 d.
205 2699 331 2760 San-St.
353 2699 424 2759 XIV
440 2702 502 2759 143
522 2703 586 2760 n.4
610 2718 720 2775 eosque
745 2701 795 2776 qui
818 2699 860 2760 ibi
883 2699 1053 2760 laudantur.

194 2784 232 2850 D.
246 2785 288 2850 47
295 2834 303 2866 ,
319 2784 374 2866 10,
393 2785 427 2862 5,
442 2785 471 2850 8.
522 2781 685 2867 Ulpianus
712 2784 795 2848 libro
828 2784 1118 2868 quinquagensimo

106 2877 198 2940 sexto
222 2874 262 2938 ad
287 2872 424 2938 edictum
449 2871 499 2956 (P.
520 2869 629 2960 1337).
644 2909 686 2920 —-
701 2871 772 2939 Hac
795 2873 865 2958 lege
889 2869 947 2959 (sc.
965 2871 1118 2938 Cornelia

105 2963 143 3028 de
173 2961 313 3046 iniuriis)
341 2962 542 3047 permittitur
570 2963 672 3027 actori
705 2963 755 3028 ius
787 2961 955 3027 iurandum
984 2961 1119 3044 deferre,

105 3056 142 3116 ut
170 3074 244 3116 reus
273 3052 358 3116 iuret
384 3051 535 3116 iniuriam
564 3073 597 3117 se
625 3073 691 3115 non
718 3051 843 3117 fecisse.
892 3051 948 3115 sed
976 3049 1117 3115 Sabinus

105 3143 141 3205 in
169 3141 351 3207 adsessorio
384 3141 482 3204 etiam
509 3144 676 3223 praetores
705 3141 887 3225 exemplum
916 3140 998 3225 legis
1028 3161 1117 3204 secu·

102 3233 194 3294 turos
218 3230 274 3294 ait.

386 3349 423 3408 V.
446 3349 711 3408 Memorialium
734 3349 830 3410 libri.

195 3464 370 3524 Laudentur
384 3484 402 3523 a
417 3463 522 3540 Gellio,
542 3465 702 3542 Macrobio,
721 3465 816 3524 Paulo
835 3465 925 3542 idque
940 3466 1115 3525 nominatim

103 3553 176 3613 libri
189 3553 213 3629 I,
232 3554 272 3630 II,
291 3553 357 3628 VH,
375 3554 417 3612 XI
441 3545 482 3633 (v,
500 3548 601 3634 infra).
644 3554 761 3615 Plinius
786 3575 905 3633 quoque
928 3555 959 3614 in
982 3555 1118 3616 naturali
