2580 3888
406 161 467 210 *1o
492 156 528 210 Μ.
553 154 724 211 cotenus
747 155 873 212 NERVA
1086 154 1150 219 303

137 317 380 402 responderunt,
399 320 436 381 ut
454 322 504 383 est
521 319 658 384 relatum
681 318 765 403 apud
785 316 916 382 Sextum
934 315 1149 403 Pomponium

139 405 348 492 Digestorum
372 407 413 470 ab
437 406 591 473 Aristone
614 407 697 472 libro
722 407 844 491 quinto.

396 603 401 613 '
447 600 494 658 Da
516 603 654 674 emptione
675 599 843 659 venditione.

228 711 258 775 3.
281 710 322 778 Ι).
340 711 393 792 21,
406 711 436 793 2,
451 711 493 775 29
504 733 550 794 pr.
591 707 790 794 Pomponius
814 707 898 772 libro
919 709 1088 774 undecimo
1109 712 1149 775 ad

139 797 296 864 Sabinum
325 797 372 884 (P.
396 796 485 886 573).
514 836 553 846 -
586 797 620 880 Si
652 820 735 883 rem,
767 819 864 881 quam
896 796 976 860 mihi
1010 798 1150 864 alienam

139 888 340 972 vendideram
372 911 391 953 a
420 889 549 953 domino
581 887 784 970 redemerim,
816 884 934 950 falsum
965 907 1035 950 esse
1064 889 1150 971 quod

140 975 248 1042 Nerva
276 977 497 1062 respondisset
523 999 619 1062 posse
647 980 679 1040 te
704 998 723 1040 a
746 996 798 1038 me
825 973 967 1058 pretium
996 977 1149 1061 consequi

139 1088 178 1130 ex
205 1066 336 1131 vendito
367 1070 531 1150 agentem,
559 1065 653 1151 quasi
680 1065 798 1129 habere
827 1063 907 1127 mibi
934 1085 1003 1128 rem
1031 1064 1150 1148 liceret,
1256 1063 1266 1082 ⁴

140 1152 252 1221 Celsus
275 1155 361 1219 filius
385 1155 492 1220 aiebat
1029 1193 1032 1196 -

522 1391 561 1451 H.
590 1435 641 1450 ...
665 1390 762 1449 libri.

227 1513 345 1574 Nervae
363 1512 455 1574 libros
469 1514 617 1591 Ulpianus
635 1517 754 1574 tantum
772 1513 886 1591 laudat,
905 1514 957 1573 sed
974 1513 1000 1574 is
1018 1515 1050 1573 et
1064 1513 1150 1574 libris

138 1601 175 1659 ad
206 1600 350 1660 Sabinum
378 1595 428 1682 (D.
450 1606 477 1677 7,
494 1605 556 1680 5‚3
585 1596 698 1663 ‘Nerva
724 1595 856 1683 scribit')
888 1606 919 1661 et
951 1602 989 1661 ad
1018 1602 1149 1664 edictum

138 1687 189 1769 (D.
205 1693 257 1767 43,
272 1693 299 1764 8,
317 1692 345 1767 2,
361 1692 411 1750 28.
432 1694 483 1768 29,
499 1694 550 1769 43,
567 1693 617 1768 24,
633 1693 696 1766 3,4
730 1684 843 1750 ‘Nerva
874 1685 1012 1769 scribit').
1044 1693 1150 1768 'quod

135 1779 270 1854 priorum
298 1780 469 1862 testimonia
497 1781 618 1858 desunt,
651 1781 705 1839 sut
732 1798 750 1838 a
777 1779 957 1840 Triboniano
985 1798 1021 1839 oa
1049 1780 1148 1842 deleta

137 1887 201 1928 esse
221 1869 380 1945 suspiceris
404 1874 457 1928 ant
478 1888 548 1928 eum
565 1869 617 1946 qui
635 1869 752 1928 Nervae
770 1886 914 1945 responsa
931 1868 1062 1947 collegit,
1086 1889 1147 1929 nna

136 1976 204 2018 eum
230 1958 278 2017 his
306 1961 420 2018 ceteras
448 1977 566 2037 quoque
595 1957 757 2018 sententias
782 1977 800 2016 a
826 1956 926 2017 Nerva
948 1957 979 2016 in
1002 1958 1147 2018 chartulis

135 2047 258 2106 relictas
290 2047 322 2106 in
353 2066 447 2106 unum
474 2048 666 2125 Digestorum
701 2065 809 2122 eorpus
841 2047 977 2106 redactas
1009 2047 1146 2108 edidisse.

136 2137 173 2196 cf.
196 2154 273 2212 quae
296 2136 328 2194 in
350 2135 493 2196 Atilicino
517 2137 649 2214 exposui.

226 2223 313 2284 Certe
336 2245 412 2302 quae
434 2227 536 2287 Nerva
565 2227 677 2303 scripta
703 2224 838 2303 reliquit,
864 2228 901 2284 ut
928 2225 1087 2301 praecipue
1116 2226 1148 2286 in

135 2312 220 2372 libris
244 2314 283 2373 sd
306 2313 449 2374 Sabinum
473 2334 491 2375 a
512 2315 676 2391 Pomponio
698 2314 792 2374 Paulo
815 2312 945 2389 Ulpiano
971 2313 1147 2390 afferuntur,

134 2421 196 2462 non
226 2403 291 2460 tam
322 2403 360 2462 ad
392 2404 524 2464 edietum
552 2404 698 2480 praetoris
727 2422 817 2480 quarn
844 2403 882 2461 ad
908 2403 955 2461 ius
983 2402 1071 2463 civile
1100 2421 1146 2462 re-

136 2491 275 2567 spiciunt.
320 2509 462 2568 responsa
485 2511 576 2568 supra
598 2493 695 2552 relata
717 2491 773 2551 hoc
796 2491 861 2550 loco
885 2491 979 2550 omisi.

552 2677 600 2736 ¹De
622 2679 730 2751 tepolis.

440 2785 484 2839 De
502 2786 632 2840 bonorum
646 2790 726 2854 parte
745 2784 841 2854 lepore.

226 2885 254 2950 1.
283 2883 321 2948 D.
342 2885 392 2966 30,
407 2886 459 2969 26,
473 2887 502 2951 2.
535 2885 732 2970 Pomponius
757 2884 840 2950 libro
864 2884 977 2968 quinto
997 2885 1037 2948 ad
1058 2882 1148 2949 Sabi·

135 2996 213 3039 num
236 2972 285 3063 (P.
300 2971 390 3061 448).
414 3011 456 3020 —-
481 2972 562 3041 Cum
585 2974 743 3040 bonorum
766 2977 857 3058 parte
881 2973 990 3058 legata
1014 2974 1147 3038 dubium

136 3063 192 3142 sit,
220 3073 328 3128 utrum
357 3086 464 3128 rerum
487 3068 595 3148 partes
620 3086 662 3127 an
689 3063 872 3128 aestimatio
896 3062 1062 3146 debeatur,
1085 3111 1093 3127 .
1113 3113 1146 3128 ..

134 3150 291 3217 Proculus
319 3158 352 3216 et
376 3151 488 3218 Nerva
516 3175 623 3216 rerum
651 3156 761 3236 partes
790 3173 858 3216 esse
887 3151 1013 3234 legatas
1038 3151 1146 3216 existi-

135 3245 311 3306 moverunt.

474 3327 518 3381 De
537 3326 695 3381 bibliotheca
714 3327 810 3396 leputa.

226 3429 256 3493 2.
282 3425 320 3494 D.
335 3426 386 3509 32,
400 3427 452 3507 52,
468 3428 496 3491 7.
542 3425 701 3509 Ulpianus
724 3427 809 3491 libro
832 3426 1006 3492 vicensimo
1030 3431 1146 3510 quarto

137 3514 177 3579 ad
207 3514 361 3581 Sabinum
389 3512 439 3602 (P.
458 3511 570 3603 2661).
596 3551 633 3562 -
743 3517 771 3580 si
800 3516 1029 3582 bibliothecam
1062 3518 1146 3602 lega-
