2512 3888
388 204 413 254 2.
435 197 618 255 mesonma
637 199 788 254 seembs
1030 199 1096 264 487

89 366 220 444 mancipi
243 369 314 427 sunt
411 366 483 426 item
506 366 713 443 praedictam
735 368 851 426 urbana
873 387 962 443 quam
985 368 1099 428 rustica

88 474 165 534 quae
200 458 231 515 et
261 456 328 532 ipsa
354 455 484 531 mancipi
511 458 582 514 eunt
696 455 728 514 in
755 474 790 515 eo
818 456 881 515 solo
907 457 1098 532 praediorum

92 544 272 622 mancipatio
292 563 310 602 a
324 548 491 604 ceterorum
504 543 721 619 mancipatione
736 543 844 621 differt,
863 545 941 621 quod
954 565 1097 621 personae

91 633 215 695 serviles
239 636 270 692 et
291 633 414 710 liberae,
435 633 507 691 item
531 632 672 691 animalia
694 650 770 710 quae
793 632 921 708 mancipi
940 637 1017 711 sunt,
1039 635 1098 695 nisi

92 721 315 798 inpraesentia
338 721 410 798 sint,
438 720 602 797 mancipari
624 740 684 780 non
706 723 844 798 possunt,
872 720 945 781 adeo
969 723 1097 802 quidem,

90 815 127 870 ut
148 829 217 870 eum
235 810 288 888 qui
306 809 455 886 mancipio
474 810 589 887 accipit,
613 810 833 885 adprehendere
853 809 884 868 id
901 809 1000 885 ipsum
1018 812 1097 888 quod

90 899 119 958 ei
143 899 293 976 mancipio
321 895 422 976 datur,
450 915 569 958 necesse
597 898 644 958 sit.
695 898 773 957 uude
801 899 892 958 etiam
919 900 1096 975 mancipatio

89 988 213 1063 dicitur,
246 988 318 1065 quia
344 1006 434 1047 manu
462 1005 511 1046 res
538 987 665 1064 capitur.
714 987 837 1064 praedia
863 1005 934 1048 vcro
962 986 1098 1047 absentia

88 1077 186 1136 solent
204 1076 374 1153 mancipari.
416 1074 483 1135 ideo
502 1079 602 1135 autem
621 1094 671 1136 aes
690 1079 722 1136 ct
739 1076 818 1134 libra
837 1075 1005 1150 adhibetur,
1026 1077 1097 1153 quia

88 1165 161 1225 olim
183 1165 277 1225 aereis
300 1167 419 1224 tantum
437 1165 567 1225 nummis
584 1164 749 1224 utebantur
829 1183 990 1240 eorumque
1008 1184 1095 1224 num-

90 1273 207 1314 morum
230 1254 276 1314 vis
295 1255 326 1312 et
343 1256 476 1328 potestas
494 1272 551 1313 non
572 1254 603 1312 in
621 1272 745 1313 numero
765 1257 831 1314 erat
849 1253 900 1314 sed
918 1253 1098 1330 inpendere

171 1341 224 1420 qui
249 1341 343 1401 dabat
368 1341 440 1400 olim
462 1341 630 1417 pecuniam,
658 1361 717 1402 non
739 1342 917 1402 numerabat
939 1361 1019 1419 eam,
1047 1341 1098 1402 sed

87 1423 295 1507 appendebat’.
342 1427 407 1489 Gai.
423 1432 451 1508 1,
467 1432 649 1491 119-122.

178 1518 214 1578 In
245 1518 441 1594 mancipanda
469 1518 653 1595 proprietate
685 1519 813 1579 servitus
845 1519 964 1579 detrahi
990 1521 1098 1598 potest,

88 1608 162 1666 item
185 1607 383 1666 ususfructus.
422 1605 486 1665 Gai.
502 1608 531 1684 2,
546 1608 597 1666 33.
625 1607 695 1666 Vct.
709 1608 745 1667 fr.
759 1610 812 1668 4⁵1.
827 1610 878 1669 50.

178 1688 302 1766 ‘Quodsi
324 1712 422 1772 neque
444 1694 614 1770 mancipata
635 1714 732 1773 neque
754 1697 787 1755 in
803 1696 869 1755 iure
888 1715 971 1756 cessa
990 1696 1030 1756 sit
1047 1715 1097 1757 res

88 1785 218 1862 mancipi
248 1777 278 1862 <,
306 1783 358 1843 aed
385 1785 502 1842 tantum
529 1783 654 1860 tradita,
685 1803 721 1842 ex
748 1785 811 1844 iure
840 1784 1001 1855 Quiritium
1029 1784 1094 1846 eius

88 1877 255 1951 permanet,
279 1873 330 1950 qui
352 1891 419 1932 eam
440 1871 578 1948 tradidit,
602 1872 628 1931 si
650 1873 770 1948 quidem
793 1873 907 1933 iustum
930 1873 1096 1934 dominium

86 1962 202 2037 habuit,
224 1963 256 2022 in
273 1960 359 2022 bonis
377 1979 446 2021 vero
466 1960 530 2020 eiua
551 1960 689 2037 efficitur,
707 1963 760 2039 qui
778 1981 842 2021 rem
861 1963 984 2042 accepit,
1003 1963 1095 2024 donec

86 2070 153 2110 cam
176 2049 353 2127 possidendo
376 2042 577 2127 usucapiat>.'
623 2049 687 2110 Gai
703 2053 732 2130 2,
747 2053 797 2112 26.

382 2274 433 2340 De
454 2278 602 2360 cambono
623 2277 801 2343 verditione.

176 2404 221 2464 Dc
241 2406 390 2480 emptione
404 2406 573 2465 venditione
587 2405 726 2466 dixerunt
740 2407 820 2468 Sext.
834 2406 940 2467 Aelius
955 2400 985 2489 (I
991 2429 1020 2483 p.
1030 2400 1096 2488 15),

85 2491 164 2552 (lato
188 2484 230 2574 (p.
246 2486 311 2572 22),
333 2493 448 2552 Brutus
470 2485 512 2572 (p.
528 2487 595 2573 23),
617 2494 759 2554 Manilius
778 2487 821 2575 (p.
837 2488 902 2576 27),
927 2495 959 2566 Q.
978 2497 1095 2556 Mucius

87 2576 129 2660 (p.
142 2583 233 2661 92sq.
245 2572 333 2663 102),
355 2581 507 2657 Aquillius
526 2579 632 2641 Gallus
651 2573 693 2662 (p.
706 2574 793 2664 120),
813 2583 934 2643 Servius
953 2576 996 2664 (p.
1008 2575 1096 2667 133),

85 2670 216 2732 Alfenus
248 2661 292 2752 (p.
316 2671 379 2730 313
391 2661 463 2748 eq),
495 2667 602 2729 Ofilius
634 2660 677 2751 (p.
701 2672 774 2731 339.
798 2673 862 2731 344
873 2663 944 2750 sq),
977 2671 1095 2732 Tubero

84 2753 130 2843 (p.
143 2753 232 2843 363),
251 2758 409 2819 Trebatius
422 2749 471 2840 (p.
481 2759 555 2818 402.
565 2759 678 2836 416sq.
688 2750 777 2842 423),
795 2759 895 2819 Labeo
910 2751 956 2841 (11
964 2780 993 2835 p.
1005 2762 1044 2820 71
1053 2779 1095 2839 sq.

89 2851 153 2909 142
165 2868 207 2927 sq.
233 2851 295 2910 153
306 2866 349 2925 sq.
375 2849 446 2908 155.
466 2849 528 2908 207
540 2865 581 2926 aq.
603 2839 748 2931 241661),
780 2848 860 2908 Mela
892 2839 935 2929 (p.
956 2840 1096 2932 293sq.),

85 2939 190 2999 Nerva
212 2932 255 3017 (p.
271 2939 342 2997 303.
358 2928 445 3019 308).

178 3027 215 3086 In
246 3026 330 3086 libris
363 3025 401 3085 ad
428 3026 497 3087 Sab.
529 3025 647 3102 scriptis
679 3027 716 3085 de
748 3026 897 3102 emptione
925 3025 1095 3086 venditione

90 3115 232 3176 dixerunt
253 3115 357 3192 Pomp.
366 3115 386 3174 l.
396 3114 528 3174 lX-XI
545 3115 577 3175 P.
590 3116 774 3191 531-535,
796 3114 879 3176 Paul.
894 3115 913 3176 l.
923 3114 952 3173 V
966 3115 997 3174 P.
1010 3116 1093 3175 1701

87 3207 235 3282 -1726,
257 3203 325 3280 Ulp.
340 3203 359 3264 1.
373 3202 505 3262 XXVHI
527 3205 558 3263 et
579 3202 677 3263 XXIX
700 3202 734 3264 P.
748 3204 975 3265 2705-2735.

179 3287 318 3354 ‘Sabinus
336 3291 411 3353 vird
429 3292 461 3351 in
479 3290 531 3351 der
548 3291 644 3351 Lebre
662 3310 732 3353 vom
750 3291 834 3351 Kauf
849 3292 917 3353 sehr
935 3293 980 3352 oft
997 3291 1097 3353 citiert

89 3382 153 3441 und
180 3401 235 3459 gar
261 3381 401 3441 manches
428 3382 526 3441 daven
553 3380 627 3440 wird
655 3381 711 3441 den
738 3381 807 3440 libri
829 3381 903 3442 iuris
926 3381 1023 3443 civilis
1045 3401 1095 3442 zu·

87 3471 238 3531 soweieen
256 3470 328 3529 sein.
363 3468 408 3530 Ist
431 3468 503 3547 dies,
525 3487 586 3530 was
608 3469 657 3529 ioh
675 3469 726 3529 fflr
743 3470 987 3531 wabrscheinlich
1004 3471 1095 3550 holte,

87 3558 139 3618 bei
165 3557 223 3618 den
246 3557 364 3618 Citaten
391 3558 423 3618 in
445 3559 502 3618 den
525 3557 855 3621 Commentatorstellen
944 3563 997 3621 der
1018 3561 1095 3640 Fall,

1137 3684 1187 3694 Δ...
