2568 3890
77 225 78 228 κ
128 189 194 254 264
229 189 250 244 1.
273 188 431 243 iurans
449 187 605 244 nucusn
624 187 670 241 nr
688 187 822 243 masan
840 163 936 243 rusie
955 188 1138 244 corsuum

128 357 306 433 obsequium
334 356 557 418 dominantibus
585 357 682 435 magis
710 351 915 432 probabatur'.
974 357 1033 416 alio
1061 359 1137 438 loco,

128 446 182 505 ubi
212 446 248 504 de
272 445 439 522 maiestatis
463 446 640 523 quibusdam
663 447 722 505 reis
745 450 848 504 narrat
871 437 917 526 (3,
932 437 998 524 70),
1021 447 1070 506 vel
1092 448 1139 509 ita

130 534 258 597 iudicat:
291 529 409 610 ‘Capito
441 534 612 611 insignitior
643 535 768 594 infamia
799 534 871 610 fuit,
904 535 982 612 quod
1014 535 1137 598 humani

131 624 283 700 divinique
311 623 386 683 iuris
414 624 510 684 sciens
535 624 690 701 egregium
710 622 864 700 publicum
888 623 1034 682 athenas
1058 625 1137 686 domi

130 717 211 772 artes
237 706 474 773 dehonestavit.
525 731 601 788 quae
634 713 670 772 da
698 710 851 787 Capitonis
883 712 986 770 servili
1017 714 1135 790 ingenio

129 803 283 879 feruntur,
299 859 301 866 ,
320 803 379 864 duo
417 804 501 872 eunt,
539 820 668 879 quorum
699 801 830 860 alterum
861 820 879 860 a
911 801 1054 862 Suetonio
1087 797 1137 886 (de

129 910 253 968 gramm.
284 886 338 968 22)
375 894 525 949 narratur.
580 890 618 950 M.
651 889 730 948 enim
762 889 945 964 Pomponius
977 890 1136 953 Marcellus

130 974 212 1059 ‘oum
225 999 261 1038 ex
279 980 413 1039 oratione
429 978 584 1038 Tiberium
596 978 846 1054 reprehendisset,
864 979 1034 1039 affirmante
1048 981 1137 1042 Ateio

131 1068 286 1144 Capitone,
310 1073 340 1127 et
363 1086 428 1127 esse
451 1067 529 1126 illud
551 1067 688 1138 latinum,
713 1068 743 1126 et
766 1067 790 1126 si
814 1085 874 1127 non
893 1073 979 1146 esset,
1002 1070 1137 1130 futurum

130 1166 210 1218 certe
224 1158 284 1216 iam
297 1157 380 1215 inde:
401 1150 578 1233 ‘mentitur’,
596 1157 704 1234 inquit,
718 1149 850 1231 ‘Capita
869 1161 904 1215 tu
918 1157 1007 1232 enim,
1022 1157 1138 1232 Caesar,

131 1247 285 1308 civitatem
309 1247 379 1304 dare
401 1247 488 1320 potes
511 1245 689 1321 hominibus,
712 1245 804 1304 verbo
827 1265 886 1305 non
908 1240 1014 1321 potee’.
1058 1247 1139 1306 idem

130 1337 235 1396 narrat
256 1335 314 1394 Dio
339 1333 420 1394 Cass.
437 1336 553 1410 57,17.
595 1336 627 1393 at
644 1333 841 1409 Pomponium
859 1335 947 1392 illum
964 1335 1138 1396 Marcellum

131 1420 288 1485 ‘sermonis
316 1423 403 1481 latini
431 1426 598 1482 exactorem
625 1416 882 1482 molestissimum'
906 1423 1063 1483 Suetonius
1086 1445 1138 1486 no·

131 1514 290 1591 minat„et
312 1515 436 1590 quanta,
449 1531 520 1571 eura
540 1512 676 1572 Tiberius
698 1512 872 1589 peregrinas
891 1531 977 1572 voces
995 1513 1141 1591 reiecerit,

131 1603 211 1662 idem
235 1601 397 1660 Suetonius
421 1601 486 1660 Tib.
503 1605 541 1661 71
566 1606 683 1660 narrat:
709 1596 856 1660 ‘sermone
878 1619 985 1678 graeco
1005 1649 1031 1662 ..
1048 1650 1053 1662 .
1073 1603 1139 1663 abs-

131 1692 225 1752 tinuit
257 1691 385 1749 maxime
412 1690 444 1748 in
471 1693 592 1768 senatu,
625 1690 698 1750 adeo
727 1684 848 1767 quidem
876 1691 1140 1766 utmonopolium

22 1860 24 1864 Ι
131 1781 340 1840 nominaturus
372 1779 491 1840 veniam
522 1779 605 1854 prius
637 1779 818 1855 postularet,
850 1779 930 1856 quod
960 1779 1016 1839 sibi
1048 1781 1141 1841 verbo

132 1869 290 1947 peregrino
323 1869 469 1927 utendum
497 1872 589 1944 esset3
621 1872 711 1944 atque
740 1868 831 1926 etiam
859 1887 925 1927 cum
953 1869 984 1927 in
1012 1868 1141 1945 quodam

133 1958 252 2017 decreto
280 1960 402 2032 patrum
429 1953 563 2035 ἕμβλημα
592 1956 784 2029 recitaretur,
813 1957 1053 2016 commutandam
1076 1977 1143 2018 cen·

133 2046 195 2106 suit
233 2064 336 2104 vocem
374 2048 404 2104 et
439 2064 494 2120 pro
530 2045 690 2122 peregrina
726 2046 891 2104 nostratem
921 2046 1142 2126 requirendam,
1232 2075 1234 2078 ·

134 2137 188 2194 aut
210 2133 318 2192 sinon
341 2134 532 2208 reperiretur,
555 2133 604 2193 vel
626 2133 763 2208 pluribus
786 2138 817 2192 et
840 2153 894 2208 per
912 2135 1058 2194 ambitum
1077 2155 1144 2196 vert

133 2222 240 2282 borum
262 2241 326 2281 rem
350 2215 583 2281 enuntiandam’.
620 2221 974 2300 cf.DioCase.57,15.
1013 2225 1141 2284 alterum

135 2311 258 2371 Tacitus
282 2330 348 2369 ann.
368 2312 397 2384 3,
414 2313 455 2370 70
473 2311 578 2370 refert:
602 2305 646 2370 Ἱι.
666 2311 797 2370 Ennium
815 2312 946 2388 equitem
966 2313 1143 2388 Romanum,

133 2399 301 2459 maiestatis
324 2400 520 2477 postulatum,
543 2401 622 2475 quod
645 2399 774 2477 effigiem
797 2399 940 2476 principis
961 2402 1143 2476 promiscum

135 2490 173 2548 ad
195 2507 285 2549 usum
308 2490 426 2566 argenti
446 2489 594 2568 vertisset,
616 2489 710 2564 recipi
728 2487 837 2549 Caesar
855 2489 934 2550 inter
952 2508 1018 2550 reos
1036 2492 1143 2564 vetuit,

135 2579 235 2656 palam
255 2581 432 2654 aspernante
446 2578 535 2638 Ateio
550 2577 694 2654 Capitone
713 2578 799 2656 quasi
813 2597 867 2654 per
880 2577 1063 2657 libertatem3
1082 2599 1143 2640 non

135 2669 214 2728 enirn
242 2667 349 2726 debere
376 2668 451 2744 eripi
478 2668 616 2744 patribus
643 2668 705 2727 vim
732 2667 884 2727 statuendi
906 2686 1002 2745 neque
1025 2671 1144 2727 tantum

135 2757 315 2816 maleficium
337 2757 458 2834 impune
481 2751 671 2816 habendum'.
708 2758 759 2816 sed
784 2757 892 2835 equitis
915 2756 1105 2816 insolentiam
1124 2775 1143 2816 a

137 2846 256 2906 Tiberio
289 2848 490 2922 contemptam
516 2844 710 2904 nihilominus
740 2845 976 2904 extraordinaria
1001 2865 1097 2922 poena
1125 2864 1145 2904 a

135 2938 243 2995 senatu
261 2934 392 2993 coerceri
412 2933 524 2993 debere
537 2927 728 3013 (Mommsem
747 2932 850 2992 Abriss
871 2933 922 2992 des
941 2939 1014 2992 rom.
1031 2934 1145 2994 Staats·

136 3024 235 3082 reehts
258 3023 287 3084 S.
303 3015 382 3103 234)
407 3021 512 3099 Capito
536 3021 600 3080 iure
622 3021 722 3097 potuit
745 3021 925 3080 existimare.

227 3111 435 3188 Respondendi
457 3129 581 3170 munere
600 3109 774 3186 Capitonem
797 3111 934 3169 mustum
957 3129 1021 3170 esse
1040 3112 1146 3190 negari

138 3220 196 3260 non
223 3204 336 3278 potest,
363 3200 540 3276 praesertim
568 3218 633 3258 eum
663 3200 709 3258 ius
738 3218 773 3258 ex
795 3199 939 3276 principis
964 3201 1145 3260 auctoritate

138 3289 350 3365 respondendi,
376 3291 412 3349 de
436 3308 495 3366 quo
518 3289 699 3365 Pomponius
724 3285 798 3363 §49
824 3288 956 3364 disserit,
984 3289 1064 3348 inter
1086 3291 1146 3365 pri·

138 3397 203 3436 moe
225 3378 272 3437 illi
290 3378 436 3438 tributum
456 3396 519 3438 esse
538 3396 657 3437 necesse
677 3377 723 3437 sit.
761 3396 796 3437 ao
814 3396 874 3437 non
892 3382 954 3436 tam
973 3377 1009 3436 de
1027 3378 1146 3453 privato

140 3484 229 3542 quam
253 3466 289 3525 de
312 3467 431 3541 publico
454 3467 519 3526 iure
543 3486 610 3526 eum
633 3466 822 3543 respondisse
846 3467 916 3526 licet
939 3466 1080 3526 conicere.

228 3553 414 3634 Pomponius,
432 3556 485 3614 ubi
499 3555 669 3615 Labeonem
689 3557 719 3614 et
736 3553 911 3631 Capitonem
930 3555 1058 3614 alterum
1078 3574 1146 3614 cum
