2580 3888
423 191 465 242 ιο.
488 185 526 240 Μ.
550 184 722 264 docemus
745 185 872 242 NERVA
1084 186 1149 252 309

143 348 226 433 dedi,
246 352 283 413 ut
300 348 443 413 tunicam
462 347 637 433 acciperem
657 397 709 414 ...
727 347 836 414 Nerva
854 352 887 413 et
905 348 1059 416 Proculus
1079 372 1150 435 per-

146 438 373 520 mutationem,
395 459 459 503 444
483 438 677 520 emptionem
700 437 761 503 hoo
784 459 855 502 esse
878 433 935 523 (so.
957 436 1096 527 putant).

232 557 349 619 Nervae
372 575 548 633 responsum
567 557 602 616 de
626 557 774 634 emptione
796 557 967 617 venditione
989 580 1017 622 r.
1032 580 1060 636 p.
1076 562 1148 622 303.

437 736 484 794 De
506 737 643 794 locotione
665 737 855 795 conductione.

229 845 282 912 26.
309 844 347 909 D.
367 845 418 924 20,
434 846 463 929 2,
477 844 507 910 9.
543 844 632 909 Idem
656 841 714 931 (sc.
733 842 869 932 Paulus)
889 845 972 909 libro
992 846 1149 930 singulari

140 937 179 1000 de
207 935 314 1000 officio
343 933 494 1018 praefecti
522 934 657 1018 vigilum
685 931 735 1021 (P.
760 929 868 1021 1058).
892 970 934 981 —
958 933 1149 1000 ..Nerva

140 1025 463 1089 iurisconsultus..
487 1045 544 1107 per
571 1022 746 1089 fenestram
774 1026 1012 1088 monstraverat
1039 1045 1148 1090 servos

142 1112 291 1179 detentos
315 1112 357 1178 ob
382 1111 571 1195 pensionem
594 1111 724 1177 liberari
746 1133 850 1198 posse.

539 1295 585 1353 De
606 1296 753 1356 44441414.

228 1405 279 1469 21.
304 1403 343 1470 D.
359 1406 408 1487 11,
425 1407 452 1482 1,
466 1404 519 1484 45,
536 1405 563 1469 1.
596 1402 715 1469 Ρ44144
734 1405 817 1470 libro
837 1404 950 1489 quinto
970 1405 1009 1470 ad
1027 1404 1149 1470 Plauti-

140 1514 196 1557 um
220 1491 269 1578 (P.
289 1490 403 1579 1114).
421 1529 465 1540 -—
489 1491 581 1568 Quod
608 1492 688 1557 mihi
715 1492 855 1558 debebas
880 1517 899 1558 a
921 1493 1065 1559 debitore
1093 1498 1149 1560 1ιιο

142 1582 313 1666 stipulatus
347 1604 417 1646 sum
444 1581 586 1664 periculo
615 1585 685 1665 tuo,
717 1603 812 1664 posse
841 1604 891 1646 me
920 1603 1016 1668 agere
1043 1585 1149 1648 tenum

139 1670 285 1734 mandati
316 1670 351 1733 in
382 1670 415 1734 id
449 1669 532 1753 quod
563 1669 670 1733 minus
704 1669 744 1734 ab
775 1669 832 1734 illo
866 1691 993 1735 serrare
1026 1674 1150 1757 potero,

140 1757 248 1824 Nerva
266 1758 440 1823 Atilicinus
460 1757 560 1842 aiunt,
578 1757 724 1842 quamvis
743 1758 776 1822 id
794 1758 982 1823 mandatum
1001 1761 1041 1824 ad
1061 1766 1149 1825 tuam

140 1871 207 1913 rem
231 1848 401 1932 pertineat.

545 1947 592 2008 De
614 1949 748 2023 deposito.

229 2061 280 2126 28.
304 2059 343 2124 D.
363 2060 414 2144 12,
431 2062 458 2142 1,
473 2059 503 2142 9,
517 2058 545 2123 9.
582 2057 742 2144 Ulpianus
761 2060 847 2125 libro
865 2061 1039 2128 vicensimo
1059 2066 1149 2128 sexto

140 2150 181 2215 ad
200 2149 338 2214 edietum
359 2147 407 2234 (P.
419 2146 506 2235 169).
523 2184 565 2195 -
586 2147 727 2233 Deposui
747 2149 831 2233 apud
848 2153 881 2214 te
900 2151 1017 2236 deoem,
1036 2155 1150 2236 postea

139 2238 271 2321 permisi
308 2238 368 2303 tibi
404 2238 461 2302 uti.
505 2236 614 2302 Nerva
649 2236 804 2304 Proculus
842 2239 938 2304 etiam
977 2244 1148 2325 antequam

17 2401 21 2406 ⁸
139 2330 336 2408 moveantur,
355 2326 520 2392 condicere
535 2325 628 2411 quasi
642 2331 754 2391 mutua
769 2327 830 2393 tibi
848 2328 928 2394 haee
941 2351 1037 2415 posse
1052 2328 1148 2413 <ι44>

143 2415 242 2480 aiunt.

547 2509 594 2568 De
610 2511 742 2583 ptpnore.

167 2618 279 2683 2.9
306 2617 344 2682 D.
363 2619 414 2702 44,
428 2618 460 2702 4,
473 2618 547 2698 4,8.
592 2616 749 2701 Ulpianus
776 2618 860 2683 libro
884 2641 940 2703 sep
942 2620 1146 2705 tuagensimo

139 2711 231 2773 sexto
255 2706 295 2772 ad
320 2667 460 2772 ediotirni
483 2668 533 2792 (P.
554 2703 681 2793 167811).
706 2741 747 2754 -
767 2710 1000 2792 ..quaeritur,
1028 2707 1055 2773 si
1078 2708 1148 2772 uni-

139 2817 217 2862 ones
253 2795 316 2860 tibi
351 2795 483 2880 pignori
518 2794 704 2860 dederoet
690 2757 939 2880 1444444441,
974 2800 1011 2861 41
1042 2797 1149 2861 soluta

137 2886 275 2970 pecunia
297 2883 468 2950 redderent
469 2905 516 2968 ur,
539 2886 572 2947 et
557 2883 629 2948 tbi
652 2884 786 2950 uniones
806 2884 932 2971 oulpat
932 2908 975 2950 ua
993 2885 1149 2969 perierint

137 2980 170 3039 41
201 2973 371 3077 pecuniam
402 2975 503 3058 petas.
554 2976 662 3038 exstat
688 2972 876 3039 Nervaet
843 2980 876 3039 et
903 2973 1050 3040 Atilicini
1079 2994 1150 3038 sen·

136 3064 218 3127 tent
208 3086 241 3127 ra
274 3061 502 3127 direntiumt
474 3067 523 3126 rta
550 3083 619 3127 esse
649 3061 926 3147 excipiendum.
929 3063 957 3128 si
984 3063 1070 3128 inter
1097 3085 1148 3128 me

137 3156 171 3216 41
197 3155 230 3216 14
257 3173 324 3268 non
350 3151 514 3235 convenit,
540 3153 577 3214 nt
606 3151 713 3215 soluta
740 3151 878 3236 pecunia
907 3152 1041 3217 uniones
1065 3150 1146 3216 mihi

137 3239 335 3306 reddantur.

552 3342 599 3399 De
615 3343 737 3417 peralto.

225 3453 276 3519 30.
309 3451 347 3517 D.
373 3451 507 3537 15,1‚1
492 3453 542 3535 1,1
560 3451 590 3515 3.
651 3449 807 3536 Ulpianus
847 3453 933 3520 libro
970 3454 1146 3519 vicensimo

137 3560 223 3606 nono
248 3541 287 3607 ad
311 3541 396 3606 edint
381 3544 451 3605 tum
462 3501 520 3627 (P.
533 3501 712 3627 8.-521)
730 3540 821 3608 1141.
838 3544 1080 3631 .quaestionis,
1104 3567 1146 3610 an
