2580 3888
128 173 196 238 294
231 174 253 232 Ι.
273 173 428 229 ΔΕΤΑΤ18
447 171 606 228 AUGUSTI
624 171 671 226 ΕΤ
689 171 825 227 TIBERII
842 171 940 226 IURIS
960 171 1140 227 CONSULTI

130 337 307 422 quaeritur,
339 336 367 400 si
398 336 502 401 mulas
534 334 595 400 tibi
623 335 738 400 dedero
766 338 803 400 nt
830 334 1004 419 experiaris
1033 337 1079 418 et,
1111 334 1140 399 si

129 426 341 511 placuissent,
369 446 504 508 emeres3
532 425 560 488 si
582 424 836 509 displicuissent,
863 424 956 488 utin
980 423 1047 488 dies
1072 424 1139 487 sin-

130 515 224 596 gulos
244 513 367 598 aliquid
385 517 575 598 praestares,
599 513 711 578 deinde
731 512 838 577 mulae
858 535 877 576 a
895 512 1139 596 grassatoribus

128 601 249 666 fuerint
268 603 397 666 ablatae
415 603 502 666 intra
521 602 589 666 dies
609 601 830 685 experimenti,
848 602 924 686 quid
944 604 1028 665 essct
1047 622 1138 685 prae·

129 690 295 776 standum,
321 694 429 756 utrum
457 691 599 776 pretium
624 692 670 771 [et
693 690 896 774 merceslan
919 710 1041 754 merces
1064 693 1139 755 tan-

127 780 206 845 tum.
252 784 285 844 et
308 780 355 844 ait
378 779 465 844 Mela
493 780 661 860 interesse,
690 783 799 843 utrum
827 778 948 862 emptio
978 779 1044 843 iam
1067 781 1139 844 erat

128 872 296 950 contracta
315 891 357 933 an
376 867 495 953 futura,
513 873 560 951 nt,
579 869 607 932 si
624 866 711 952 (sit)
730 867 825 952 facta,
843 868 982 953 pretium
997 871 1137 951 petetur,

128 958 156 1022 si
178 957 300 1041 futura,
322 979 444 1022 merces
468 959 605 1041 petatur.

130 1140 131 1145 η
215 1067 364 1146 Ulpianus
387 1067 485 1156 addit:
509 1062 574 1128 ‘sed
595 1087 656 1128 non
679 1067 820 1145 exprimit
842 1068 879 1127 de
903 1061 1092 1128 actionibns'.

422 1237 469 1296 Dc
491 1237 630 1296 locatione
652 1239 843 1297 conductione.

129 1399 132 1404 Α
219 1348 270 1413 16.
291 1345 331 1412 D.
347 1347 398 1431 19,
412 1348 442 1431 2,
459 1348 509 1423 19,
524 1347 554 1411 6.
590 1345 749 1430 Ulpianus
774 1346 857 1411 libro
875 1346 1069 1432 trigensimo
1089 1370 1136 1413 se·

130 1435 233 1502 cundo
257 1436 298 1501 ad
321 1437 459 1501 edictum
480 1435 529 1521 (P.
543 1433 633 1522 951).
655 1473 691 1484 -
715 1435 749 1501 Si
772 1437 844 1520 quis
868 1457 941 1502 cum
963 1437 997 1500 in
1016 1459 1136 1503 annum

128 1525 364 1590 habitationem
392 1525 613 1610 conduxisset,
640 1525 829 1610 pensionem
857 1526 959 1590 totius
983 1527 1060 1590 armi
1083 1526 1137 1591 de-

129 1614 224 1694 derit,
256 1614 371 1678 deinde
402 1613 510 1679 insula
542 1623 618 1699 post
646 1635 701 1678 sex
729 1634 855 1679 menses
882 1614 984 1678 ruerit
1011 1614 1063 1679 vel
1089 1616 1136 1680 in-

128 1702 240 1768 cendio
277 1707 470 1786 consumpta
507 1703 563 1783 sit,
599 1704 788 1788 pensionem
825 1702 945 1767 residui
981 1705 1136 1787 temporis

207 1790 293 1856 Mela
329 1793 458 1875 scripsit
491 1814 529 1857 ex
563 1792 720 1857 conducto
754 1792 881 1856 actione
913 1793 1136 1877 repetiturum,

127 1902 192 1944 non
221 1881 313 1965 quasi
340 1881 521 1946 indebitum
544 1881 782 1966 condicturum;
810 1881 985 1946 nonenim
1007 1902 1064 1965 per
1087 1903 1136 1947 er·

19 1967 21 1971 ’
127 1990 234 2034 rorem
257 1969 345 2034 dedit
368 1968 442 2052 plus
449 2019 457 2051 ,
481 1969 536 2034 sed
559 1973 596 2032 ut
620 1970 683 2033 sibi
705 1969 739 2033 in
763 1990 893 2034 causam
916 1970 1136 2036 conductionis

125 2057 304 2142 proficeret.

217 2146 268 2209 17.
305 2144 344 2210 D.
363 2145 394 2229 9,
412 2146 442 2229 2,
461 2147 514 2225 27,
533 2145 585 2210 34.
637 2145 795 2228 Ulpianus
828 2146 911 2213 libro
940 2156 1055 2213 octavo
1082 2149 1133 2214 de·

127 2235 211 2298 cimo
239 2233 278 2298 ad
307 2233 446 2298 edictum
477 2232 526 2321 (P.
541 2230 644 2320 625⁰).
670 2270 715 2280 -
743 2233 777 2299 Si
805 2236 877 2320 quis
906 2257 1032 2302 servum
1061 2259 1134 2302 con·

127 2322 258 2388 ductum
289 2322 330 2387 ad
358 2323 479 2386 mulum
512 2324 689 2408 regendum
718 2326 990 2389 commendaverit
1011 2323 1057 2391 et¹
1079 2326 1134 2391 ille

128 2412 168 2476 ad
195 2411 345 2495 pollicem
374 2433 466 2476 suum
494 2432 567 2476 eum
592 2411 776 2496 alligaverit
800 2416 832 2476 et
855 2413 892 2477 de
915 2411 1005 2478 loro²
1028 2416 1134 2480 mulus

127 2501 269 2585 eruperit
292 2501 346 2580 sic,
368 2503 406 2564 ut
428 2504 461 2565 et
484 2501 632 2584 pollicem
654 2502 806 2566 avelleret
826 2523 919 2567 servo
939 2506 971 2566 ct
990 2524 1024 2567 se
1043 2526 1135 2587 prae·

127 2589 288 2674 cipitarct,
310 2589 397 2654 Mela
421 2590 541 2675 scribit,
565 2589 593 2655 si
616 2612 675 2674 pro
694 2592 799 2675 perito
818 2590 989 2676 imperitus
1008 2592 1133 2657 locatus

128 2679 185 2762 sit,
219 2700 258 2742 ex
290 2679 447 2744 conducto
480 2679 640 2765 agendum
672 2700 744 2744 cum
779 2679 909 2746 domino
939 2680 980 2745 ob
1010 2680 1133 2746 mulum

127 2771 259 2853 ruptum
282 2768 333 2869 vel
356 2767 575 2870 debilitatum3
598 2768 654 2832 sed
677 2769 706 2870 si
724 2769 791 2870 ictu
810 2773 867 2833 aut
885 2772 1008 2871 terrore
1026 2771 1132 2874 mulus

127 2856 1134 3030 {llll⁸,{latttlttttttpl§stillabat

217 3034 265 3100 18.
290 3033 329 3098 D.
346 3033 440 3118 19,2,
456 3033 506 3114 13,
521 3034 551 3098 8.
588 3031 746 3116 Ulpianus
771 3034 854 3099 libro
874 3035 1066 3120 trigensimo
1086 3059 1134 3102 se·

127 3121 229 3188 cundo
254 3122 293 3186 ad
318 3122 457 3187 edictum
480 3119 529 3210 (P.
544 3119 634 3208 948).
657 3158 696 3171 -
718 3120 752 3187 si
775 3123 847 3208 quis
871 3145 1037 3189 mensuras
1062 3148 1134 3192 con·

127 3211 254 3276 duxerit
276 3232 395 3295 easque
418 3211 628 3294 magistratus
652 3211 760 3296 frangi
782 3211 927 3297 iusserit,
955 3214 981 3278 si
1004 3216 1133 3299 quidem

126 3300 253 3383 iniquae
279 3298 423 3384 fuerunt,
454 3298 592 3364 Sabinus
621 3300 804 3385 distinguit,
831 3304 939 3366 utrum
968 3305 1030 3367 scit
1057 3325 1134 3370 con-

126 3387 239 3452 ductor
267 3410 308 3451 an
336 3409 415 3474 non3
448 3391 474 3452 si
503 3390 576 3471 scit,
606 3410 676 3454 esse
704 3411 743 3454 ex
770 3390 876 3455 locato
905 3391 1077 3474 actionem,
1105 3395 1134 3460 si

198 3547 212 3596 1
233 3541 279 3598 ΓΙ.
299 3545 324 3598 ei
342 3544 457 3600 mulum.
530 3549 546 3597 2
566 3543 614 3600 ΡΙ.
633 3544 668 3599 de
686 3545 746 3602 loro
765 3549 801 3603 et.
