2568 3890
457 178 482 230 s.
507 171 836 229 assummum
1087 171 1152 234 aas
1224 133 1231 144 ’

137 337 288 402 Manium
316 342 425 422 essent,
454 337 548 402 ueluti
574 337 610 400 in
633 336 729 400 bucern
752 335 909 417 quandam
932 336 1154 400 adducerentur

137 431 167 490 et
191 427 387 510 patefierent,
418 426 498 490 nibil
524 446 558 491 co
585 430 715 507 temporo
741 425 776 488 iu
803 443 865 506 rep.
889 424 957 506 peri
983 425 1152 490 votuerunt.

137 516 240 596 itaque
268 537 326 598 per
352 536 400 581 eos
426 516 491 580 dies
517 535 580 580 uon
607 533 676 578 curn
702 513 784 577 bostc
810 532 923 577 mauros
950 513 1152 596 conserebant,

136 625 200 669 non
221 606 368 670 coercitus
392 604 584 688 scribebatur,
606 623 669 668 non
687 603 812 667 comitia
830 601 1047 686 babeba<ntur,
1069 603 1153 685 non>

136 693 229 758 abiud
253 695 417 776 uunquam
444 695 478 757 in
500 713 576 776 rep,
599 693 663 756 nisi
685 692 766 773 quod
786 690 897 755 ultima
918 693 1078 756 necessitas
1099 694 1153 756 ad·

137 783 291 866 monebat,
313 782 602 848 administrabatur.

464 1000 514 1058 Ex
537 998 693 1058 incertis
716 997 833 1062 libris.

532 1116 576 1171 De
592 1116 760 1184 staminibus.

227 1227 257 1292 3.
284 1225 371 1290 Post.
389 1248 420 1309 p.
440 1221 529 1290 154¹).
555 1261 593 1272 -
622 1224 782 1290 Maximae
809 1222 1007 1310 dignationis
1035 1221 1153 1287 flamen

137 1313 243 1380 Dialis
277 1319 328 1380 est
355 1315 441 1379 inter
469 1314 650 1398 quindecim
683 1314 844 1397 flamines,
877 1315 923 1397 ei,
954 1333 1027 1377 cum
1056 1312 1154 1375 celeri

138 1404 325 1469 discrimina
356 1403 535 1468 maiestatis
564 1425 640 1468 suae
668 1403 824 1484 habeant,
855 1401 983 1466 minimi
1014 1399 1154 1465 habetur

137 1491 339 1577 Pomonalis,
371 1493 457 1576 quod
484 1491 631 1557 Pomona
659 1492 823 1556 levissimo
851 1490 973 1555 fructui
1001 1509 1153 1574 agrorum

7 1615 8 1618 ¹
136 1582 308 1666 praesidet,
331 1581 446 1666 pomis.

225 1695 262 1754 cf.
281 1693 379 1753 Varro
398 1694 435 1752 de
457 1693 544 1770 Ling.
568 1692 635 1752 Lat.
654 1691 780 1753 V1145.

225 1797 256 1860 4.
285 1794 440 1859 Plutarch
459 1817 511 1878 qu.
531 1793 624 1859 Rom.
642 1792 693 1859 50.
716 1831 754 1840 -
774 1791 843 1857 Acci
865 1799 901 1858 τί
920 1792 938 1858 ὁ
963 1791 1070 1876 ἱερεὺς
1092 1800 1153 1856 τοῦ

137 1884 223 1960 Διὸς
254 1883 493 1967 ἀποθανούσης
521 1884 609 1970 αὐτῷ
634 1891 693 1965 τῆς
714 1882 871 1966 γυναικὸς
894 1879 1069 1948 decomeco
1092 1881 1153 1966 τὴν

137 1971 260 2057 ἀρχήν,
284 1973 328 2049 ὡς
351 1969 510 2059 (Ἇῂήιος
533 1973 720 2056 iccbonneu3

226 2061 256 2128 5.
287 2061 378 2127 Paul.
401 2086 432 2147 p.
455 2062 522 2127 64..
546 2097 584 2110 -
624 2059 769 2127 Ouriales
805 2060 952 2126 flamines
989 2060 1151 2125 curiarum

139 2151 333 2216 sacerdotes.

134 2289 136 2296 .
227 2241 256 2304 6.
288 2237 379 2305 Paul.
402 2261 432 2323 p.
456 2239 531 2304 244.
560 2276 599 2286 —
630 2238 807 2303 Palatualis
840 2238 957 2303 flamen
985 2237 1026 2303 ad
1055 2239 1152 2303 sacri-

137 2327 299 2393 ficandum
323 2328 353 2393 ei
376 2329 453 2394 deae
476 2329 671 2393 constitutus
694 2331 772 2409 erat,
794 2327 829 2391 in
847 2327 937 2392 cuius
955 2328 1059 2392 tutela
1080 2349 1151 2395 esse

7 2439 8 2478 l
138 2415 302 2482 Palatium
325 2417 494 2502 putabant.

228 2529 265 2590 cf.
283 2529 431 2589 Labeonis
450 2529 486 2588 ir.
508 2531 525 2588 7
550 2549 579 2605 p.
596 2531 645 2589 79.

495 2697 539 2753 De
556 2699 663 2768 circino
685 2697 797 2753 Vestali.

230 2801 259 2866 7.
292 2799 534 2884 Ge11.1,12,8.
562 2836 604 2846 -
705 2797 821 2880 Capito
849 2796 965 2861 Ateius
997 2796 1177 2882 scriptum·

139 2887 285 2972 reliquit,
315 2911 418 2974 neque
446 2889 515 2954 eius
538 2888 707 2975 legendam
735 2887 849 2971 filiam,
877 2885 931 2970 qui
955 2885 1152 2950 domicilium

138 2975 382 3133 ,mesltplaipepeotp
405 2978 549 3063 haberet,
572 2982 605 3042 et
627 2977 839 3042 excusandam
859 2975 936 3059 eius,
959 2975 1014 3060 qni
1032 2974 1151 3040 liberos

228 3179 265 3239 cf.
284 3178 433 3240 Labeonis
451 3179 487 3239 ir.
508 3181 526 3239 3
551 3198 580 3254 p.
598 3180 647 3238 76.

570 3347 613 3401 De
629 3347 724 3402 sacris.

230 3449 258 3514 8.
287 3448 371 3513 Fest.
390 3470 420 3532 p.
439 3450 526 3514 245⁸.
551 3483 595 3496 -
617 3444 751 3512 Publica
778 3468 884 3530 sacra,
913 3468 994 3530 quae
1021 3445 1152 3530 publico

139 3543 271 3620 sumptu
290 3559 349 3622 pro
368 3538 488 3621 populo
509 3537 602 3621 fiunt,
621 3558 764 3623 quaeque
781 3559 840 3620 pro
856 3534 1031 3621 montibus,
1048 3535 1154 3621 pagis,
1219 3628 1237 3631 „

193 3649 291 3698 Iurispr.
305 3651 423 3691 antehadr.
438 3650 487 3691 rell.
503 3651 537 3691 ed.
551 3651 651 3691 Bramer.
675 3649 704 3692 IL
907 3645 939 3694 18
