2506 3880
379 170 402 222 r.
426 165 463 220 u.
482 127 675 221 lunarios
693 165 813 223 nunno
1035 166 1098 233 159

24 407 25 414 ,
92 327 190 393 Paulo
211 328 471 412 epitomatorum.
487 355 528 374 -·
543 366 649 374 --
664 326 812 412 [Paulusz
829 329 943 414 siquis
959 332 1101 396 statuam

23 431 25 554 p
91 417 122 480 in
149 414 328 500 municipio
356 438 394 481 ea
416 422 523 482 mente
547 418 669 500 posuit,
697 421 733 482 ut
756 439 794 482 ea
817 418 984 504 municipii
1007 424 1100 504 esset,

23 555 24 592 3
91 508 121 570 et
143 527 216 570 eam
234 510 345 589 petere
365 505 443 589 vult,
465 505 590 570 excludi
608 528 681 570 eum
700 509 829 590 oportet
846 507 1100 592 praescriptione

23 601 24 606 ’
90 593 266 658 infactum
291 594 389 674 data]

22 644 24 768 l
174 683 228 747 42.
247 681 288 747 D.
302 681 355 765 50,
371 683 421 765 16,
434 683 500 748 246
510 705 557 767 pr.
596 681 686 746 Idem
710 679 768 768 (sc.
780 681 996 769 Pomponius)
1014 684 1098 751 libro

22 771 23 838 l
91 774 177 837 sexto
192 771 317 836 decimo
331 769 562 856 Epistularum.
573 808 614 816 —
629 770 725 855 Apud
738 770 923 837 Labeonem
936 771 1098 839 Pithanon

90 859 133 923 ita
152 860 311 944 scriptum
330 867 393 925 est:
414 859 540 943 cubitat,
558 860 611 942 pai
627 865 765 942 praestat
782 861 847 926 aas
864 861 900 926 de
917 881 976 943 quo
993 863 1099 945 opiter

86 950 303 1030 praesentim.

391 1059 438 1119 De
461 1061 627 1120 liberatione
650 1062 791 1121 debitoris.

173 1169 230 1234 43.
252 1168 292 1234 D.
310 1169 363 1251 46,
377 1170 407 1252 3,
422 1169 474 1235 91.
524 1169 631 1236 Labeo
662 1170 746 1235 libro
775 1174 867 1235 sexto
890 1168 1052 1235 Pithanon
1076 1192 1095 1235 a

87 1255 184 1323 Paulo
214 1258 473 1341 epitomatorum.
498 1292 538 1305 —
565 1257 603 1324 Si
627 1259 740 1325 debitor
762 1264 833 1324 tuus
854 1278 918 1324 nou
940 1258 1005 1322 cult
1025 1279 1046 1322 a
1069 1263 1097 1324 ta

88 1346 214 1411 letacii
236 1351 266 1411 et
281 1367 429 1429 praeseus
451 1352 507 1430 eet,
528 1367 593 1412 nou
610 1353 710 1431 potest
730 1349 847 1412 invitus
868 1369 890 1412 o
913 1352 940 1412 te
961 1347 1045 1413 sobi.

171 1435 226 1500 44.
250 1433 288 1499 D.
303 1435 355 1520 46,
369 1436 399 1520 4,
414 1437 444 1521 8,
458 1437 487 1500 2.
531 1435 619 1500 Idem
644 1434 833 1523 (Ulpianus)
856 1436 938 1501 libro
962 1435 1096 1519 quadra·

87 1524 232 1606 gensimo
266 1529 380 1589 octavo
413 1525 453 1588 ad
486 1521 641 1590 Sabinum
674 1523 724 1610 (P.
743 1521 854 1609 2954).
887 1560 926 1572 —
952 1526 1094 1610 Accepto

86 1611 223 1678 liberare
252 1634 362 1677 servus
390 1615 569 1679 communis
599 1613 735 1678 alterum
765 1635 803 1677 ex
831 1612 971 1678 dominis
995 1615 1094 1679 etiam

86 1702 123 1765 ab
148 1701 253 1766 altero
277 1700 408 1768 domino
430 1706 553 1786 potesta
577 1702 610 1766 id
634 1702 719 1768 enim
742 1706 775 1766 et
796 1701 940 1768 Labeoni
964 1702 1093 1786 placuit.

85 1789 220 1874 denique
243 1789 326 1855 libro
351 1790 510 1874 <sextol>
534 1790 697 1856 Pithanon
722 1790 866 1874 scripsit,
890 1791 919 1854 si
942 1813 962 1854 a
984 1788 1093 1855 Primo

85 1877 214 1943 domino
240 1877 385 1944 Secundo
411 1879 497 1944 socio
524 1879 667 1960 [domino
680 1882 763 1962 ¹suo]
789 1878 962 1963 stipulatus
985 1878 1094 1965 fuerit,

83 1987 179 2050 posse
199 1964 379 2032 Secundum
403 1971 535 2052 accepto
554 1989 669 2053 rogare
688 1972 721 2034 et
738 1990 796 2054 per
814 1968 1093 2054 acceptilationem

82 2053 229 2120 Primum
254 2055 404 2140 liberare,
427 2078 520 2141 quem
545 2057 616 2142 ipse
640 2057 855 2142 obligaverat:
884 2058 930 2122 sic
952 2058 1034 2141 lieri,
1057 2061 1095 2122 ut

81 2165 137 2227 per
170 2166 271 2208 unum
304 2148 400 2230 atque
433 2145 569 2210 eundem
602 2169 729 2214 servum
758 2151 790 2212 et
818 2147 1033 2212 constituatur
1061 2150 1094 2212 et

81 2232 218 2298 tollatur
241 2233 407 2319 obligatio.
1071 2245 1073 2248 ’

487 2381 595 2441 Liber
617 2381 684 2442 VH.

373 2497 420 2555 De
443 2515 520 2570 aquo
536 2467 643 2571 pluvia
665 2498 798 2556 arcendo.

167 2604 221 2670 45.
245 2603 283 2670 D.
303 2607 356 2687 22,
370 2606 400 2693 3,
414 2607 466 2674 28.
511 2605 618 2670 Labeo
649 2605 735 2669 libro
763 2605 902 2686 septimo
930 2603 1091 2670 Pithanon

80 2714 97 2756 a
128 2693 232 2759 Paulo
267 2695 525 2778 epitomatorum.
561 2728 599 2740 -
635 2690 673 2759 Si
704 2693 818 2757 arbiter
850 2692 1091 2756 animadvertere

78 2783 194 2867 debeat,
222 2803 266 2847 aa
294 2784 392 2866 opace
412 2785 490 2864 sacti
516 2784 665 2847 memorio
687 2785 793 2864 castet,
819 2780 874 2846 boc
895 2781 923 2844 ei
944 2799 1089 2861 paucae-
1131 2807 1133 2814 ·

16 2887 17 2954 ἢ
78 2872 152 2936 dwu
174 2876 233 2952 est,
256 2892 299 2937 on
321 2873 436 2955 aliquis
458 2872 631 2937 meminerit
652 2872 688 2937 id
708 2891 784 2956 opus
804 2872 922 2951 factum
944 2888 1012 2934 esse.

479 3117 586 3177 Liber
609 3116 692 3178 VIII.

459 3234 506 3294 Dc
522 3233 707 3306 postliminio.

164 3343 217 3409 46.
241 3342 281 3408 D.
299 3344 352 3426 49,
368 3342 419 3427 15,
433 3343 484 3408 30.
526 3340 623 3405 Idem
638 3337 695 3427 (sc.
713 3335 838 3427 Labeo)
862 3339 946 3403 libro
971 3339 1086 3402 octavo

76 3429 242 3498 Pithanon
258 3454 277 3496 a
291 3431 392 3497 Paulo
407 3431 665 3515 epitomatorum.
681 3427 775 3494 —Si
793 3429 834 3512 id,
852 3428 933 3511 qaod
947 3431 1087 3492 nostram

16 3567 17 3574 .
75 3519 173 3588 hostes
200 3525 355 3607 munt,
386 3521 451 3585 cias
479 3521 598 3603 pencris
628 3523 683 3602 est,
715 3523 750 3583 ut
770 3518 962 3601 postibuiuio
988 3516 1087 3580 redire
