2508 3896
394 184 419 232 2.
441 175 624 234 MASURIUS
644 176 797 236 SANSBUI
1035 175 1104 242 495

91 344 236 424 pertinet.
261 345 335 405 mihi
348 364 419 406 vero
433 345 579 423 quidquid
594 345 712 407 omnino
721 349 791 423 post
799 347 1002 408 renuntiatam
1012 347 1103 408 socie-

96 438 191 496 tatem
210 433 389 513 adquiritur,
412 434 469 495 soli
490 435 670 497 conceditur.
707 435 835 496 solvitur
857 437 953 497 adhuc
977 437 1104 497 societas

95 525 189 585 etiam
211 526 308 584 morte
332 522 419 602 socii,
441 523 513 600 quia
533 522 587 601 qui
609 523 783 584 societatem
806 526 967 603 contrahit,
990 529 1103 586 certam

91 632 251 690 personam
282 611 339 672 sibi
366 611 460 688 eligit.
510 611 621 672 dicitur
648 613 738 674 etiam
766 613 873 689 capitis
900 614 1103 675 deminutione

94 702 171 763 solvi
190 701 374 778 societatem,
391 702 463 778 quia
480 700 562 761 civili
579 701 695 762 ratione
713 701 821 777 capitis
836 701 999 762 deminutio
1013 703 1104 764 morti

94 792 293 869 coaequatum
312 789 364 849 sed
383 790 487 867 utique
506 789 531 850 si
550 789 647 850 adhuc
666 790 855 851 consentiant
872 791 903 849 in
922 791 1103 869 societatem,

93 899 172 942 nova
198 879 317 940 videtur
343 879 473 955 incipere
499 879 638 940 societas.
685 879 758 939 item
787 879 812 939 si
839 878 924 939 cuius
952 898 988 938 ex
1015 880 1102 940 sociis

92 971 172 1030 bona
203 968 322 1045 publice
354 970 408 1027 aut
433 967 577 1045 privatim
602 967 764 1047 venierint,
796 967 925 1028 solvitur
956 963 1104 1029 societas?

92 1057 157 1119 (iai.
173 1060 202 1132 3,
218 1057 401 1117 148-154.

184 1146 330 1207 Sabinum
357 1145 394 1204 de
421 1145 599 1223 argentariis
626 1165 743 1224 quoque
767 1145 856 1206 sociis
879 1145 988 1206 dixisse
1012 1143 1104 1206 Lenel

92 1237 233 1314 Lopdl
253 1233 376 1295 conicite
395 1237 475 1295 certe
494 1236 530 1294 de
548 1234 586 1296 iis
603 1254 664 1296 non
677 1235 766 1296 modo
778 1235 948 1296 Labeonem
963 1228 992 1317 (I
999 1255 1027 1311 p.
1037 1237 1078 1295 97
1096 1280 1105 1310 ,

96 1325 151 1386 sed
173 1323 265 1384 etiarn
283 1322 445 1382 Proculum
465 1323 575 1383 dixisse
593 1323 740 1383 maditum
758 1328 803 1384 est
821 1319 871 1404 (D.
883 1326 912 1398 2,
924 1325 974 1399 14,
985 1326 1026 1383 27
1032 1343 1077 1400 pr.
1097 1369 1103 1383 .

184 1433 236 1499 85.
273 1432 312 1497 D.
337 1433 392 1514 17,
413 1434 448 1513 2,
469 1433 498 1497 7.
552 1431 712 1518 Ulpianus
744 1434 828 1499 libro
861 1434 1029 1518 trigesimo
1063 1433 1104 1498 ad

95 1522 252 1590 Sabinum
270 1517 320 1608 (P.
335 1519 459 1608 27390).
479 1557 522 1568 —
542 1520 630 1588 Ooiri
654 1522 839 1587 societatem
859 1526 893 1587 et
911 1522 1105 1608 simpliciter

91 1613 182 1694 licet3
211 1614 245 1674 et
272 1609 300 1674 si
327 1631 393 1674 non
420 1609 519 1674 fuerit
545 1610 748 1694 distinctum,
775 1610 902 1676 videtur
925 1609 1010 1676 coita
1033 1632 1104 1675 esse

93 1700 318 1766 universorum
337 1720 418 1782 quse
437 1720 476 1762 ex
495 1702 631 1784 quaestu
649 1699 791 1781 veniunt,
813 1699 876 1764 hoo
894 1702 954 1780 est,
972 1699 1000 1764 si
1019 1697 1105 1782 quod

93 1791 221 1854 lucrum
246 1809 283 1852 ex
307 1789 470 1870 emptione
493 1787 687 1872 venditione,
708 1787 869 1852 locatione
892 1787 1105 1854 conductione

92 1877 265 1944 descendit.

183 1989 357 2065 Sequuntur
383 1988 419 2048 D.
440 1990 490 2065 17,
510 1990 539 2062 2,
560 1989 577 2047 9
604 1987 635 2048 Ρ.
657 1978 759 2048 2739b
787 1988 872 2046 haec:
901 1980 966 2048 ‘neo
993 1987 1105 2048 adiecit

92 2077 453 2244 {aaIbsigpsetbgresditatem
481 2077 531 2138 vel
557 2078 691 2153 legatum
719 2077 769 2136 vel
796 2076 970 2138 donationes
997 2077 1104 2138 mortis

183 2269 234 2333 86.
257 2268 296 2333 D.
312 2268 473 2350 17,2,29,
489 2269 517 2333 1.
557 2266 715 2354 Ulpianus
739 2267 823 2331 libro
846 2269 1036 2353 trigensimo
1061 2267 1102 2332 ad

94 2356 251 2422 Sabinum
275 2354 324 2442 (P.
338 2353 450 2443 2742).
474 2355 590 2422 -Ita
617 2357 696 2421 coiri
720 2355 904 2421 societatem
927 2378 1038 2441 posse,
1066 2359 1105 2420 ut

92 2445 220 2510 nullam
242 2449 368 2529 partem
391 2445 500 2508 damni
525 2445 607 2509 alter
627 2445 755 2529 sentiat,
776 2444 902 2510 lucrum
922 2467 996 2510 vero
1015 2467 1104 2510 com-

95 2554 193 2599 mune
218 2534 270 2616 sit,
293 2530 424 2597 Cassius
447 2537 551 2615 putat.
587 2533 672 2617 quod
694 2534 741 2597 ita
764 2533 891 2597 demum
915 2534 1045 2615 valebit,
1067 2536 1106 2596 ut

95 2627 131 2688 et
153 2619 292 2687 Sabinus
316 2619 438 2702 scribit,
462 2619 490 2684 si
512 2621 596 2684 tanti
620 2621 663 2685 sit
685 2642 792 2705 opera,
815 2621 928 2706 quanti
951 2620 1103 2685 damnum

97 2718 157 2776 eat.
198 2710 386 2794 plerumque
405 2709 490 2773 enim
508 2712 601 2772 tanta
619 2713 668 2773 est
686 2708 845 2773 industria
865 2708 953 2792 socii,
975 2709 1104 2794 utplus

95 2799 247 2866 societati
270 2797 417 2863 conferat
439 2820 535 2882 quam
558 2797 707 2883 pecunia,
731 2798 777 2862 itu
800 2800 828 2862 si
852 2797 940 2862 solus
962 2799 1106 2883 naviget,

16 2943 17 2946 η
95 2890 125 2955 si
148 2889 235 2954 solus
260 2887 494 2972 peregrinetur,
517 2886 659 2970 pericula
682 2887 795 2952 subeat
818 2886 916 2952 solus.

187 2975 252 3042 87?
275 2974 314 3040 D.
330 2975 381 3058 17,
395 2976 425 3058 2,
441 2976 483 3040 14
492 2998 539 3060 pr.
580 2974 740 3060 Ulpianus
763 2975 847 3040 libro
871 2973 1039 3060 trigesimo
1063 2973 1104 3038 ad

98 3065 255 3131 Sabinum
279 3063 328 3151 (P
342 3064 466 3148 2740·).
492 3100 529 3110 —
556 3061 590 3128 Si
613 3066 797 3129 convenerit
819 3063 903 3128 inter
927 3062 1040 3147 socios,
1063 3083 1105 3126 ne

94 3156 183 3221 intra
220 3159 342 3220 certum
374 3157 501 3238 tempus
534 3152 713 3217 communis
745 3173 795 3216 res
827 3150 1001 3235 dividatur,
1037 3173 1104 3216 non
1159 3191 1163 3200 ·

93 3243 224 3310 videtur
246 3243 445 3325 convenisse,
467 3262 507 3306 ne
531 3241 685 3306 societate
708 3240 850 3304 abeatur.

186 3363 358 3441 Sequuntur
384 3363 469 3422 haec:
498 3354 581 3438 ‘quid
608 3363 723 3440 tamen,
752 3360 777 3420 si
803 3361 1038 3436 hocconsenit,
1066 3380 1104 3422 ne

95 3452 242 3514 abeatur?
265 3471 303 3512 an
326 3450 445 3514 valeat?
468 3452 622 3528 eleganter
644 3450 824 3526 Pomponius
848 3450 967 3526 scripsit
989 3451 1103 3512 frustra

94 3543 153 3602 hoc
176 3535 343 3603 conveniro'
367 3542 399 3601 et
420 3561 447 3618 q.
467 3559 489 3602 s.
