2506 3880
357 153 383 202 7.
407 147 446 204 Μ.
463 147 655 203 ANTISTIUS
673 148 794 203 LABEO
1020 151 1084 214 145

74 313 243 397 ettugsre
274 311 463 375 iumentum
489 332 598 395 posse,
629 333 688 376 nec
715 315 825 376 tamen
852 333 999 378 erronem
1027 318 1084 378 aut

72 400 240 486 lugItirum
266 421 341 464 esse
364 397 421 481 agi
442 421 546 482 posse.

151 490 205 554 12.
235 487 323 552 Gell.
340 488 373 571 4,
387 489 418 565 2,
432 489 462 553 8.
488 523 526 534 -
551 487 631 552 Sues
730 489 870 555 feminae
898 491 924 555 si
953 490 1084 556 sterilae

73 583 171 644 saona
200 582 237 642 et
261 599 383 642 renum
406 577 520 655 issent,
547 598 586 641 ex
608 577 712 642 edicto
736 579 887 644 aedilium
910 601 1006 662 posse
1030 580 1084 666 agi

72 667 255 732 Labeonem
280 665 451 748 scripsisse
475 661 603 750 (aiunt).

153 755 210 821 13.
240 753 284 818 D.
303 755 494 838 21‚1‚1pr.
538 753 697 837 Ulpianus
720 755 803 820 libro
825 756 931 838 primo
955 757 995 820 ad
1019 757 1083 821 edi·

72 851 151 910 etum
181 842 344 908 aedilium
372 842 531 907 curulium
559 840 608 928 (P.
630 842 740 924 1758).
768 877 805 890 -
835 843 943 908 Labeo
972 845 1084 910 scribit

72 934 210 1000 edictum
230 931 387 996 aedilium
407 931 566 995 curulium
584 931 623 996 de
638 932 877 997 venditionibus
892 953 998 996 rerum
1013 954 1083 998 esse

71 1025 132 1088 lam
160 1042 282 1086 earum
310 1041 393 1104 quae
416 1020 479 1084 soli
501 1020 568 1085 sint
590 1041 686 1104 quam
709 1043 819 1086 earum
842 1042 923 1106 quae
946 1020 1083 1086 mobiles

72 1117 121 1176 aut
142 1133 180 1177 se
205 1113 384 1174 moventes.

151 1221 305 1282 Edictum
336 1219 372 1279 de
399 1219 556 1280 venalibus
587 1223 707 1280 tantum
733 1221 901 1298 mancipiis,
933 1223 1083 1298 iumentis,
1180 1207 1183 1212 ¹

73 1312 201 1388 praediis
236 1307 429 1385 prbpositum
461 1312 532 1370 erat
586 1310 624 1369 cf.
648 1307 762 1388 Gaia,
783 1312 843 1369 141
878 1304 934 1370 ‘ait-
965 1309 1083 1412 Caelius

72 1401 208 1475 Sabinus,
228 1399 256 1458 si
276 1417 340 1456 rem
356 1397 414 1456 tibi
432 1398 569 1457 venalem
582 1397 713 1475 babenti,
731 1399 826 1458 veluti
840 1399 976 1478 fundum,
993 1401 1084 1476 pretn

70 1491 185 1550 uomina
211 1486 367 1546 hominem
390 1487 468 1546 forte
491 1481 644 1546 dederim'.

343 1699 410 1758 VII.
433 1697 695 1774 Responsorum
718 1699 814 1759 libri.

148 1824 339 1886 Laudentur
375 1823 413 1882 ab
450 1823 578 1900 Ulpiano
615 1823 691 1882 libro
726 1821 830 1882 XVIII
865 1823 904 1882 ad
939 1824 1082 1885 edictum:

70 1915 170 1976 tollat.
196 1917 251 1992 12,
273 1914 301 1989 7,
321 1915 361 1971 21
396 1906 506 1972 ‘Labeo
533 1912 610 1971 libro
637 1912 693 1970 XV
720 1911 941 1988 Responsorum
968 1909 1081 1974 refert'.

68 2025 135 2080 quos
163 2004 268 2063 libros
296 2019 350 2060 our
377 2001 495 2060 eosdem
524 2019 589 2061 esse
617 2000 821 2060 existimemus
849 2005 939 2080 atque
962 2003 1083 2079 Epistu-

67 2094 161 2154 larum
187 2091 287 2150 libros
310 2085 351 2166 (v.
366 2089 462 2167 VHI),
486 2090 516 2149 id
540 2089 620 2167 quod
641 2090 699 2150 riri
722 2091 844 2166 quidam
867 2092 948 2152 docti
967 2094 1084 2154 faciunt

69 2181 233 2256 (Zimmern
259 2177 437 2238 Gescbicbte
460 2178 568 2256 1310,
595 2177 725 2238 Rudorff
744 2179 954 2259 Rechtsgescb.
977 2183 1081 2262 1179,

68 2270 99 2330 u.
120 2269 258 2332 Pernice
280 2265 406 2326 Miscell.
424 2287 452 2342 p.
474 2270 514 2328 22
529 2261 588 2347 n),
615 2267 722 2327 idonea
748 2286 841 2329 causa
867 2290 928 2330 non
954 2272 1083 2350 videtur,

70 2377 265 2437 quemquam,
280 2355 332 2433 qui
345 2358 416 2432 post
429 2356 599 2416 Labeonem
611 2357 835 2433 Responsomm
849 2359 941 2419 libros
956 2361 1082 2438 scripse-

69 2453 145 2528 runt,
181 2465 249 2506 non
282 2445 373 2504 iidem
399 2445 604 2520 Epistularum
635 2446 728 2506 libros
760 2446 930 2524 ediderunt,
969 2450 1083 2510 scilicet

69 2536 222 2598 llesurius
247 2532 376 2592 Sabinus
401 2527 445 2614 (P.
463 2527 509 2616 9),
539 2534 699 2594 Marcellus
723 2525 770 2612 (P.
787 2527 990 2614 277-292),
1015 2537 1083 2597 Ger-

69 2626 161 2686 ridins
178 2623 331 2684 Scaevola
346 2617 392 2702 (P.
409 2615 607 2704 213-314),
620 2620 803 2696 Papinianus
818 2614 864 2699 (P.
880 2619 1081 2705 asu—749),

69 2713 211 2792 Papirius
236 2711 350 2771 Fronto
373 2702 463 2791 (P.1.
484 2707 531 2791 2),
561 2713 672 2772 Paulus
696 2701 745 2791 (P.
761 2706 1006 2786 llas—1597),
1030 2710 1082 2769 Ul-

68 2803 171 2878 pianus
186 2793 239 2883 (P.
256 2793 501 2880 2387-2420),
514 2801 611 2860 Iulius
625 2801 674 2861 vel
689 2797 794 2859 Gallus
812 2797 920 2874 Aquila
934 2789 982 2879 (P.
998 2802 1025 2857 1.
1038 2791 1082 2880 2),

68 2890 239 2953 Herennius
254 2887 438 2949 Modestinus
453 2885 501 2970 (P.
516 2880 715 2971 281-346).
747 2889 799 2948 sed
817 2907 884 2948 eum
898 2887 1082 2965 Africanum,

70 2978 244 3042 Cervidium
264 2976 444 3052 Scaevolam,
463 2979 670 3056 Papinianum,
693 2977 823 3037 Paulum
840 2997 900 3038 non
918 2977 1004 3036 modo
1024 2976 1081 3034 Rc·

69 3087 265 3146 sponsorum,
298 3068 348 3126 sed
381 3068 472 3127 etiam
504 3067 717 3138 Quaestionum
749 3067 843 3127 libros
879 3065 1081 3141 composuisse

68 3159 215 3218 traditum
240 3155 289 3232 sit,
313 3175 372 3214 non
394 3157 504 3216 mirum
527 3157 655 3236 ridetur,
679 3157 704 3216 si
727 3155 793 3230 quis
817 3155 894 3214 alius
917 3154 991 3213 iuris
1010 3172 1077 3212 con·

70 3247 166 3306 soltus
192 3244 274 3304 idem
299 3247 330 3302 et
348 3243 570 3322 Responsorum
593 3251 623 3305 et
643 3242 850 3320 Epistularum
872 3243 965 3302 libros
989 3243 1080 3318 scrip·

70 3335 118 3414 sit,
145 3353 217 3396 cum
249 3332 383 3393 omnium
409 3335 517 3395 horam
540 3353 663 3411 operum
685 3334 865 3410 argumenta
887 3334 1008 3390 tantum
1030 3334 1079 3392 ab·

71 3422 108 3482 stt
129 3427 167 3483 ut
190 3420 325 3481 multum
347 3423 426 3482 inter
449 3442 480 3484 se
504 3423 650 3496 differant,
673 3425 708 3481 ut
729 3439 941 3497 nonnunquam
960 3423 1081 3483 eaedem

71 3529 115 3571 rss
134 3515 167 3571 et
185 3511 219 3570 in
238 3509 447 3585 Epistularum
468 3515 499 3571 et
516 3513 546 3569 in
567 3510 782 3580 Quaestionum
799 3509 885 3567 libris
903 3510 1080 3570 referantur.

118 3619 218 3668 Iurispr.
233 3617 352 3658 entabadr.
365 3617 414 3658 rell.
428 3619 463 3658 ed.
477 3618 576 3657 Bremer.
598 3617 629 3655 H.
834 3611 867 3658 10
