<?xml version="1.0" encoding="UTF-8"?>
<!DOCTYPE html PUBLIC "-//W3C//DTD XHTML 1.0 Transitional//EN"
    "http://www.w3.org/TR/xhtml1/DTD/xhtml1-transitional.dtd">
<html xmlns="http://www.w3.org/1999/xhtml" xml:lang="en" lang="en">
 <head>
  <title>
</title>
<meta http-equiv="Content-Type" content="text/html;charset=utf-8" />
  <meta name='ocr-system' content='tesseract 3.04.00' />
  <meta name='ocr-capabilities' content='ocr_page ocr_carea ocr_par ocr_line ocrx_word'/>
</head>
<body>
  <div class='ocr_page' id='page_1' title='image "./iurisprudentiae04bremgoog_0091.png"; bbox 0 0 2506 3880; ppageno 0'>
   <div class='ocr_carea' id='block_1_1' title="bbox 376 171 1090 239">
    <p class='ocr_par' dir='ltr' id='par_1_1' title="bbox 376 171 1090 239">
     <span class='ocr_line' id='line_1_1' title="bbox 376 171 1090 239; baseline 0.006 -13"><span class='ocrx_word' id='word_1_1' title='bbox 376 178 400 228; x_wconf 83' lang='grc'><strong><em>’1.</em></strong></span> <span class='ocrx_word' id='word_1_2' title='bbox 423 171 460 226; x_wconf 89' lang='grc' dir='ltr'><strong><em>Μ.</em></strong></span> <span class='ocrx_word' id='word_1_3' title='bbox 476 171 664 227; x_wconf 80' lang='lat' dir='ltr'>ANTISTIUS</span> <span class='ocrx_word' id='word_1_4' title='bbox 683 172 801 228; x_wconf 80' lang='lat' dir='ltr'>LABEO</span> <span class='ocrx_word' id='word_1_5' title='bbox 1047 174 1090 239; x_wconf 86' lang='lat'><strong><em>83</em></strong></span> 
     </span>
    </p>
   </div>
   <div class='ocr_carea' id='block_1_2' title="bbox 176 358 1094 560">
    <p class='ocr_par' dir='ltr' id='par_1_2' title="bbox 176 358 1094 560">
     <span class='ocr_line' id='line_1_2' title="bbox 496 358 689 418; baseline 0.005 -1"><span class='ocrx_word' id='word_1_6' title='bbox 496 358 543 418; x_wconf 86' lang='lat' dir='ltr'><strong><em>De</em></strong></span> <span class='ocrx_word' id='word_1_7' title='bbox 564 360 689 418; x_wconf 71' lang='lat' dir='ltr'><strong><em>tutantis.</em></strong></span> 
     </span>
     <span class='ocr_line' id='line_1_3' title="bbox 176 481 1094 560; baseline 0.005 -20"><span class='ocrx_word' id='word_1_8' title='bbox 176 481 252 542; x_wconf 85' lang='lat' dir='ltr'><strong><em>Gall.</em></strong></span> <span class='ocrx_word' id='word_1_9' title='bbox 267 483 318 554; x_wconf 80' lang='lat'><strong><em>20,</em></strong></span> <span class='ocrx_word' id='word_1_10' title='bbox 336 484 418 560; x_wconf 85' lang='lat'>1,12</span> <span class='ocrx_word' id='word_1_11' title='bbox 440 522 491 541; x_wconf 89' lang='lat'><strong>...-</strong></span> <span class='ocrx_word' id='word_1_12' title='bbox 509 483 553 541; x_wconf 88' lang='lat' dir='ltr'><strong><em>ita</em></strong></span> <span class='ocrx_word' id='word_1_13' title='bbox 576 481 613 542; x_wconf 90' lang='lat' dir='ltr'><strong><em>de</em></strong></span> <span class='ocrx_word' id='word_1_14' title='bbox 635 481 745 540; x_wconf 87' lang='lat' dir='ltr'><strong><em>iniuria</em></strong></span> <span class='ocrx_word' id='word_1_15' title='bbox 766 482 931 558; x_wconf 79' lang='lat' dir='ltr'>poenienda</span> <span class='ocrx_word' id='word_1_16' title='bbox 949 484 1094 560; x_wconf 91' lang='lat' dir='ltr'><strong><em>scriptum</em></strong></span> 
     </span>
    </p>
   </div>
   <div class='ocr_carea' id='block_1_3' title="bbox 47 570 1093 720">
    <p class='ocr_par' dir='ltr' id='par_1_3' title="bbox 47 570 1093 720">
     <span class='ocr_line' id='line_1_4' title="bbox 47 570 1093 647; baseline 0.003 -17"><span class='ocrx_word' id='word_1_17' title='bbox 47 578 49 584; x_wconf 82' lang='grc'>’</span> <span class='ocrx_word' id='word_1_18' title='bbox 90 573 145 630; x_wconf 88' lang='lat' dir='ltr'><strong><em>est:</em></strong></span> <span class='ocrx_word' id='word_1_19' title='bbox 176 570 210 628; x_wconf 81' lang='lat' dir='ltr'><strong><em>Sr</em></strong></span> <span class='ocrx_word' id='word_1_20' title='bbox 236 587 379 630; x_wconf 76' lang='lat' dir='ltr'><strong><em>nnuman</em></strong></span> <span class='ocrx_word' id='word_1_21' title='bbox 405 589 518 630; x_wconf 78' lang='lat' dir='ltr'><strong><em>snrnru</em></strong></span> <span class='ocrx_word' id='word_1_22' title='bbox 544 587 669 647; x_wconf 77' lang='lat' dir='ltr'><strong><em>nuxsrr,</em></strong></span> <span class='ocrx_word' id='word_1_23' title='bbox 696 589 815 631; x_wconf 76' lang='lat' dir='ltr'><strong><em>mamm</em></strong></span> <span class='ocrx_word' id='word_1_24' title='bbox 843 589 979 640; x_wconf 77' lang='lat' dir='ltr'><strong><em>asmona</em></strong></span> <span class='ocrx_word' id='word_1_25' title='bbox 1003 592 1093 634; x_wconf 78' lang='lat' dir='ltr'><strong><em>surus</em></strong></span> 
     </span>
     <span class='ocr_line' id='line_1_5' title="bbox 89 676 339 720; baseline 0.004 -2"><span class='ocrx_word' id='word_1_26' title='bbox 89 676 208 720; x_wconf 76' lang='lat' dir='ltr'><strong><em>ronusn</em></strong></span> <span class='ocrx_word' id='word_1_27' title='bbox 232 676 339 719; x_wconf 84' lang='lat' dir='ltr'><strong><em>sunna.</em></strong></span> 
     </span>
    </p>
   </div>
   <div class='ocr_carea' id='block_1_4' title="bbox 87 768 1188 1652">
    <p class='ocr_par' dir='ltr' id='par_1_4' title="bbox 87 768 1188 1652">
     <span class='ocr_line' id='line_1_6' title="bbox 175 768 1094 858; baseline 0.004 -24"><span class='ocrx_word' id='word_1_28' title='bbox 175 771 205 835; x_wconf 83' lang='lat'><strong><em>3.</em></strong></span> <span class='ocrx_word' id='word_1_29' title='bbox 220 830 223 835; x_wconf 89' lang='grc'>,</span> <span class='ocrx_word' id='word_1_30' title='bbox 239 768 319 834; x_wconf 86' lang='lat' dir='ltr'><strong><em>Geli.</em></strong></span> <span class='ocrx_word' id='word_1_31' title='bbox 340 769 416 835; x_wconf 89' lang='lat' dir='ltr'><strong><em>ibid.</em></strong></span> <span class='ocrx_word' id='word_1_32' title='bbox 434 771 454 850; x_wconf 64' lang='grc' dir='ltr'>ξ</span> <span class='ocrx_word' id='word_1_33' title='bbox 475 771 524 835; x_wconf 86' lang='lat'><strong><em>13.</em></strong></span> <span class='ocrx_word' id='word_1_34' title='bbox 549 807 591 816; x_wconf 94' lang='lat'>-</span> <span class='ocrx_word' id='word_1_35' title='bbox 614 768 724 834; x_wconf 84' lang='lat' dir='ltr'>Labeo</span> <span class='ocrx_word' id='word_1_36' title='bbox 748 819 777 835; x_wconf 90' lang='lat'><strong><em>..</em></strong></span> <span class='ocrx_word' id='word_1_37' title='bbox 799 773 907 835; x_wconf 86' lang='lat' dir='ltr'><strong><em>uester</em></strong></span> <span class='ocrx_word' id='word_1_38' title='bbox 932 771 966 836; x_wconf 90' lang='lat' dir='ltr'><strong><em>in</em></strong></span> <span class='ocrx_word' id='word_1_39' title='bbox 993 773 1094 858; x_wconf 89' lang='lat' dir='ltr'><strong><em>libris,</em></strong></span> 
     </span>
     <span class='ocr_line' id='line_1_7' title="bbox 92 858 1094 946; baseline 0.003 -23"><span class='ocrx_word' id='word_1_40' title='bbox 92 880 169 942; x_wconf 89' lang='lat' dir='ltr'><strong><em>quos</em></strong></span> <span class='ocrx_word' id='word_1_41' title='bbox 201 858 243 923; x_wconf 89' lang='lat' dir='ltr'><strong><em>ad</em></strong></span> <span class='ocrx_word' id='word_1_42' title='bbox 276 858 442 924; x_wconf 83' lang='lat' dir='ltr'>duodecim</span> <span class='ocrx_word' id='word_1_43' title='bbox 477 859 607 924; x_wconf 88' lang='lat' dir='ltr'><strong><em>tabulas</em></strong></span> <span class='ocrx_word' id='word_1_44' title='bbox 644 858 848 942; x_wconf 85' lang='lat' dir='ltr'><strong><em>conscripsit,</em></strong></span> <span class='ocrx_word' id='word_1_45' title='bbox 979 862 1094 946; x_wconf 90' lang='lat' dir='ltr'><strong><em>inquit,</em></strong></span> 
     </span>
     <span class='ocr_line' id='line_1_8' title="bbox 90 947 1188 1031; baseline 0.005 -19"><span class='ocrx_word' id='word_1_46' title='bbox 90 948 125 1012; x_wconf 90' lang='lat' dir='ltr'><strong><em>L.</em></strong></span> <span class='ocrx_word' id='word_1_47' title='bbox 155 947 297 1014; x_wconf 76' lang='lat' dir='ltr'><strong><em>Veratius</em></strong></span> <span class='ocrx_word' id='word_1_48' title='bbox 321 947 385 1028; x_wconf 79' lang='lat' dir='ltr'><strong><em>fuit</em></strong></span> <span class='ocrx_word' id='word_1_49' title='bbox 411 949 524 1031; x_wconf 81' lang='lat' dir='ltr'><strong><em>eqreqe&#39;e</em></strong></span> <span class='ocrx_word' id='word_1_50' title='bbox 550 947 637 1013; x_wconf 85' lang='lat' dir='ltr'><strong><em>bomo</em></strong></span> <span class='ocrx_word' id='word_1_51' title='bbox 664 949 820 1030; x_wconf 80' lang='lat' dir='ltr'><strong><em>improbas</em></strong></span> <span class='ocrx_word' id='word_1_52' title='bbox 846 951 937 1030; x_wconf 87' lang='lat' dir='ltr'><strong><em>atque</em></strong></span> <span class='ocrx_word' id='word_1_53' title='bbox 962 949 1095 1014; x_wconf 73' lang='lat' dir='ltr'><strong><em>bamam</em></strong></span> <span class='ocrx_word' id='word_1_54' title='bbox 1182 1005 1188 1018; x_wconf 93' lang='lat'><strong>.</strong></span> 
     </span>
     <span class='ocr_line' id='line_1_9' title="bbox 90 1035 1095 1122; baseline 0.003 -22"><span class='ocrx_word' id='word_1_55' title='bbox 90 1036 240 1102; x_wconf 69' lang='lat' dir='ltr'><strong><em>uaecordia.</em></strong></span> <span class='ocrx_word' id='word_1_56' title='bbox 282 1037 311 1101; x_wconf 82' lang='lat' dir='ltr'><strong><em>is</em></strong></span> <span class='ocrx_word' id='word_1_57' title='bbox 326 1057 388 1119; x_wconf 78' lang='lat' dir='ltr'><strong><em>pro</em></strong></span> <span class='ocrx_word' id='word_1_58' title='bbox 409 1037 618 1102; x_wconf 75' lang='lat' dir='ltr'><strong><em>debotameuto</em></strong></span> <span class='ocrx_word' id='word_1_59' title='bbox 640 1035 774 1122; x_wconf 84' lang='lat' dir='ltr'><strong><em>babebat,</em></strong></span> <span class='ocrx_word' id='word_1_60' title='bbox 796 1056 830 1102; x_wconf 92' lang='lat' dir='ltr'><strong><em>os</em></strong></span> <span class='ocrx_word' id='word_1_61' title='bbox 851 1037 985 1102; x_wconf 78' lang='lat' dir='ltr'><strong><em>bominis</em></strong></span> <span class='ocrx_word' id='word_1_62' title='bbox 1008 1038 1095 1103; x_wconf 72' lang='lat' dir='ltr'><strong><em>labori</em></strong></span> 
     </span>
     <span class='ocr_line' id='line_1_10' title="bbox 90 1125 1096 1208; baseline 0 -18"><span class='ocrx_word' id='word_1_63' title='bbox 90 1145 200 1191; x_wconf 81' lang='lat' dir='ltr'><strong><em>manus</em></strong></span> <span class='ocrx_word' id='word_1_64' title='bbox 230 1145 304 1191; x_wconf 84' lang='lat' dir='ltr'><strong><em>suae</em></strong></span> <span class='ocrx_word' id='word_1_65' title='bbox 327 1125 439 1207; x_wconf 86' lang='lat' dir='ltr'><strong><em>palma</em></strong></span> <span class='ocrx_word' id='word_1_66' title='bbox 466 1126 632 1190; x_wconf 85' lang='lat' dir='ltr'><strong><em>uerberare.</em></strong></span> <span class='ocrx_word' id='word_1_67' title='bbox 685 1146 754 1190; x_wconf 88' lang='lat' dir='ltr'><strong><em>eum</em></strong></span> <span class='ocrx_word' id='word_1_68' title='bbox 780 1145 889 1192; x_wconf 85' lang='lat' dir='ltr'><strong><em>seruus</em></strong></span> <span class='ocrx_word' id='word_1_69' title='bbox 918 1127 1096 1208; x_wconf 74' lang='lat' dir='ltr'><strong><em>sequebatur</em></strong></span> 
     </span>
     <span class='ocr_line' id='line_1_11' title="bbox 87 1213 1095 1297; baseline 0 -17"><span class='ocrx_word' id='word_1_70' title='bbox 87 1213 187 1295; x_wconf 71' lang='lat' dir='ltr'><strong><em>facus</em></strong></span> <span class='ocrx_word' id='word_1_71' title='bbox 224 1234 401 1280; x_wconf 75' lang='lat' dir='ltr'><strong><em>auuuuara</em></strong></span> <span class='ocrx_word' id='word_1_72' title='bbox 427 1214 556 1296; x_wconf 78' lang='lat' dir='ltr'><strong><em>pteram</em></strong></span> <span class='ocrx_word' id='word_1_73' title='bbox 586 1215 719 1292; x_wconf 64' lang='lat' dir='ltr'><strong><em>assium·</em></strong></span> <span class='ocrx_word' id='word_1_74' title='bbox 755 1219 791 1280; x_wconf 90' lang='lat' dir='ltr'><strong><em>ut</em></strong></span> <span class='ocrx_word' id='word_1_75' title='bbox 820 1235 964 1297; x_wconf 78' lang='lat' dir='ltr'><strong><em>quemque</em></strong></span> <span class='ocrx_word' id='word_1_76' title='bbox 995 1217 1095 1297; x_wconf 84' lang='lat' dir='ltr'><strong><em>depal-</em></strong></span> 
     </span>
     <span class='ocr_line' id='line_1_12' title="bbox 89 1304 1096 1385; baseline 0.004 -17"><span class='ocrx_word' id='word_1_77' title='bbox 89 1307 241 1385; x_wconf 82' lang='lat' dir='ltr'><strong><em>mauerat,</em></strong></span> <span class='ocrx_word' id='word_1_78' title='bbox 267 1304 428 1368; x_wconf 76' lang='lat' dir='ltr'><strong><em>camerari</em></strong></span> <span class='ocrx_word' id='word_1_79' title='bbox 455 1304 561 1370; x_wconf 78' lang='lat' dir='ltr'><strong><em>statim</em></strong></span> <span class='ocrx_word' id='word_1_80' title='bbox 591 1305 755 1368; x_wconf 78' lang='lat' dir='ltr'><strong><em>seeundum</em></strong></span> <span class='ocrx_word' id='word_1_81' title='bbox 786 1304 942 1370; x_wconf 77' lang='lat' dir='ltr'><strong><em>duodecim</em></strong></span> <span class='ocrx_word' id='word_1_82' title='bbox 974 1305 1096 1372; x_wconf 71' lang='lat' dir='ltr'><strong><em>tabutas</em></strong></span> 
     </span>
     <span class='ocr_line' id='line_1_13' title="bbox 88 1391 1094 1476; baseline 0.002 -20"><span class='ocrx_word' id='word_1_83' title='bbox 88 1392 220 1474; x_wconf 79' lang='lat' dir='ltr'><strong><em>quinque</em></strong></span> <span class='ocrx_word' id='word_1_84' title='bbox 241 1397 270 1456; x_wconf 90' lang='lat' dir='ltr'><strong><em>et</em></strong></span> <span class='ocrx_word' id='word_1_85' title='bbox 285 1393 398 1474; x_wconf 82' lang='lat' dir='ltr'><strong><em>uiqe&#39;uti</em></strong></span> <span class='ocrx_word' id='word_1_86' title='bbox 420 1411 502 1458; x_wconf 89' lang='lat' dir='ltr'><strong><em>asses</em></strong></span> <span class='ocrx_word' id='word_1_87' title='bbox 519 1391 645 1458; x_wconf 79' lang='lat' dir='ltr'><strong><em>iubebat.</em></strong></span> <span class='ocrx_word' id='word_1_88' title='bbox 681 1397 851 1476; x_wconf 81' lang='lat' dir='ltr'><strong><em>propterea,</em></strong></span> <span class='ocrx_word' id='word_1_89' title='bbox 873 1392 986 1476; x_wconf 81' lang='lat' dir='ltr'><strong><em>inquit,</em></strong></span> <span class='ocrx_word' id='word_1_90' title='bbox 1002 1413 1094 1476; x_wconf 85' lang='lat' dir='ltr'><strong><em>prae·</em></strong></span> 
     </span>
     <span class='ocr_line' id='line_1_14' title="bbox 89 1476 1096 1568; baseline 0.001 -22"><span class='ocrx_word' id='word_1_91' title='bbox 89 1486 166 1546; x_wconf 82' lang='lat' dir='ltr'><strong><em>tores</em></strong></span> <span class='ocrx_word' id='word_1_92' title='bbox 172 1486 282 1564; x_wconf 83' lang='lat' dir='ltr'><strong><em>postea</em></strong></span> <span class='ocrx_word' id='word_1_93' title='bbox 294 1481 373 1546; x_wconf 84' lang='lat' dir='ltr'><strong><em>baua</em></strong></span> <span class='ocrx_word' id='word_1_94' title='bbox 383 1476 439 1567; x_wconf 88' lang='lat' dir='ltr'><strong><em>(sc.</em></strong></span> <span class='ocrx_word' id='word_1_95' title='bbox 450 1477 556 1568; x_wconf 80' lang='lat' dir='ltr'><strong><em>teqem)</em></strong></span> <span class='ocrx_word' id='word_1_96' title='bbox 565 1481 726 1546; x_wconf 84' lang='lat' dir='ltr'><strong><em>abolescere</em></strong></span> <span class='ocrx_word' id='word_1_97' title='bbox 738 1481 908 1564; x_wconf 81' lang='lat' dir='ltr'><strong><em>etretiuqui</em></strong></span> <span class='ocrx_word' id='word_1_98' title='bbox 916 1486 1096 1548; x_wconf 86' lang='lat' dir='ltr'><strong><em>eeusaeruut</em></strong></span> 
     </span>
     <span class='ocr_line' id='line_1_15' title="bbox 89 1569 1094 1652; baseline 0.002 -18"><span class='ocrx_word' id='word_1_99' title='bbox 89 1569 272 1652; x_wconf 73' lang='lat' dir='ltr'><strong><em>iniuriasque</em></strong></span> <span class='ocrx_word' id='word_1_100' title='bbox 289 1570 498 1635; x_wconf 76' lang='lat' dir='ltr'><strong><em>aestumandis</em></strong></span> <span class='ocrx_word' id='word_1_101' title='bbox 510 1575 732 1652; x_wconf 79' lang='lat' dir='ltr'><strong><em>recuperatores</em></strong></span> <span class='ocrx_word' id='word_1_102' title='bbox 745 1590 776 1635; x_wconf 91' lang='lat' dir='ltr'><strong><em>se</em></strong></span> <span class='ocrx_word' id='word_1_103' title='bbox 789 1571 915 1636; x_wconf 73' lang='lat' dir='ltr'><strong><em>daturos</em></strong></span> <span class='ocrx_word' id='word_1_104' title='bbox 928 1572 1094 1636; x_wconf 73' lang='lat' dir='ltr'><strong><em>edixerunt.</em></strong></span> 
     </span>
    </p>
   </div>
   <div class='ocr_carea' id='block_1_5' title="bbox 250 1813 930 1891">
    <p class='ocr_par' dir='ltr' id='par_1_5' title="bbox 250 1813 930 1891">
     <span class='ocr_line' id='line_1_16' title="bbox 250 1813 930 1891; baseline 0 -17"><span class='ocrx_word' id='word_1_105' title='bbox 250 1815 303 1875; x_wconf 88' lang='lat' dir='ltr'><strong><em>IV.</em></strong></span> <span class='ocrx_word' id='word_1_106' title='bbox 333 1813 386 1878; x_wconf 83' lang='lat' dir='ltr'><strong><em>Ad</em></strong></span> <span class='ocrx_word' id='word_1_107' title='bbox 408 1815 566 1874; x_wconf 88' lang='lat' dir='ltr'><strong><em>edictum</em></strong></span> <span class='ocrx_word' id='word_1_108' title='bbox 587 1813 771 1891; x_wconf 85' lang='lat' dir='ltr'><strong><em>praetoris</em></strong></span> <span class='ocrx_word' id='word_1_109' title='bbox 792 1814 930 1874; x_wconf 84' lang='lat' dir='ltr'><strong><em>urbani.</em></strong></span> 
     </span>
    </p>
   </div>
   <div class='ocr_carea' id='block_1_6' title="bbox 75 1937 1096 3684">
    <p class='ocr_par' dir='ltr' id='par_1_6' title="bbox 81 1937 1095 2642">
     <span class='ocr_line' id='line_1_17' title="bbox 176 1937 1094 2016; baseline 0.002 -18"><span class='ocrx_word' id='word_1_110' title='bbox 176 1939 345 1999; x_wconf 78' lang='lat' dir='ltr'><strong><em>Labeonem</em></strong></span> <span class='ocrx_word' id='word_1_111' title='bbox 358 1939 397 1999; x_wconf 88' lang='lat' dir='ltr'><strong><em>ad</em></strong></span> <span class='ocrx_word' id='word_1_112' title='bbox 411 1938 541 1999; x_wconf 89' lang='lat' dir='ltr'><strong><em>edictum</em></strong></span> <span class='ocrx_word' id='word_1_113' title='bbox 554 1939 702 2016; x_wconf 89' lang='lat' dir='ltr'><strong><em>praetoris</em></strong></span> <span class='ocrx_word' id='word_1_114' title='bbox 717 1938 824 1997; x_wconf 88' lang='lat' dir='ltr'><strong><em>urbani</em></strong></span> <span class='ocrx_word' id='word_1_115' title='bbox 837 1937 929 1998; x_wconf 90' lang='lat' dir='ltr'><strong><em>libros</em></strong></span> <span class='ocrx_word' id='word_1_116' title='bbox 942 1938 1094 2014; x_wconf 81' lang='lat' dir='ltr'><strong><em>scripsisse</em></strong></span> 
     </span>
     <span class='ocr_line' id='line_1_18' title="bbox 86 2021 1094 2110; baseline 0.002 -22"><span class='ocrx_word' id='word_1_117' title='bbox 86 2028 182 2088; x_wconf 88' lang='lat' dir='ltr'><strong><em>tradit</em></strong></span> <span class='ocrx_word' id='word_1_118' title='bbox 199 2027 346 2104; x_wconf 83' lang='lat' dir='ltr'><strong><em>Ulpianus</em></strong></span> <span class='ocrx_word' id='word_1_119' title='bbox 364 2028 442 2088; x_wconf 93' lang='lat' dir='ltr'><strong><em>libro</em></strong></span> <span class='ocrx_word' id='word_1_120' title='bbox 460 2027 616 2088; x_wconf 90' lang='lat' dir='ltr'><strong><em>undecimo</em></strong></span> <span class='ocrx_word' id='word_1_121' title='bbox 635 2027 674 2087; x_wconf 88' lang='lat' dir='ltr'><strong><em>ad</em></strong></span> <span class='ocrx_word' id='word_1_122' title='bbox 693 2027 823 2087; x_wconf 88' lang='lat' dir='ltr'><strong><em>edictum</em></strong></span> <span class='ocrx_word' id='word_1_123' title='bbox 838 2022 887 2108; x_wconf 90' lang='lat' dir='ltr'><strong><em>(D.</em></strong></span> <span class='ocrx_word' id='word_1_124' title='bbox 904 2030 954 2106; x_wconf 84' lang='lat'><strong><em>50,</em></strong></span> <span class='ocrx_word' id='word_1_125' title='bbox 972 2021 1094 2110; x_wconf 85' lang='grc'>16,19)</span> 
     </span>
     <span class='ocr_line' id='line_1_19' title="bbox 84 2110 1095 2194; baseline 0.003 -18"><span class='ocrx_word' id='word_1_126' title='bbox 84 2118 133 2176; x_wconf 90' lang='lat' dir='ltr'><strong><em>his</em></strong></span> <span class='ocrx_word' id='word_1_127' title='bbox 160 2117 273 2178; x_wconf 87' lang='lat' dir='ltr'><strong><em>verbis:</em></strong></span> <span class='ocrx_word' id='word_1_128' title='bbox 301 2110 415 2178; x_wconf 75' lang='lat' dir='ltr'><strong><em>‘Labeo</em></strong></span> <span class='ocrx_word' id='word_1_129' title='bbox 442 2117 520 2177; x_wconf 92' lang='lat' dir='ltr'><strong><em>libro</em></strong></span> <span class='ocrx_word' id='word_1_130' title='bbox 547 2117 643 2193; x_wconf 89' lang='lat' dir='ltr'><strong><em>primo</em></strong></span> <span class='ocrx_word' id='word_1_131' title='bbox 667 2116 815 2194; x_wconf 89' lang='lat' dir='ltr'><strong><em>praetoris</em></strong></span> <span class='ocrx_word' id='word_1_132' title='bbox 839 2117 947 2177; x_wconf 88' lang='lat' dir='ltr'><strong><em>urbani</em></strong></span> <span class='ocrx_word' id='word_1_133' title='bbox 970 2113 1095 2179; x_wconf 88' lang='lat' dir='ltr'><strong><em>definit&#39;.</em></strong></span> 
     </span>
     <span class='ocr_line' id='line_1_20' title="bbox 83 2200 1093 2285; baseline 0.001 -20"><span class='ocrx_word' id='word_1_134' title='bbox 83 2225 156 2266; x_wconf 86' lang='lat' dir='ltr'><strong><em>nam</em></strong></span> <span class='ocrx_word' id='word_1_135' title='bbox 184 2200 235 2265; x_wconf 75' lang='lat' dir='ltr'><strong><em>‘ad</em></strong></span> <span class='ocrx_word' id='word_1_136' title='bbox 261 2201 403 2266; x_wconf 87' lang='lat' dir='ltr'><strong><em>edictum&#39;</em></strong></span> <span class='ocrx_word' id='word_1_137' title='bbox 430 2209 484 2265; x_wconf 87' lang='lat' dir='ltr'><strong><em>aut</em></strong></span> <span class='ocrx_word' id='word_1_138' title='bbox 510 2205 699 2266; x_wconf 88' lang='lat' dir='ltr'><strong><em>inserendam</em></strong></span> <span class='ocrx_word' id='word_1_139' title='bbox 727 2213 780 2266; x_wconf 84' lang='lat' dir='ltr'><strong><em>aut</em></strong></span> <span class='ocrx_word' id='word_1_140' title='bbox 808 2205 1093 2285; x_wconf 83' lang='lat' dir='ltr'><strong><em>subintelligendum</em></strong></span> 
     </span>
     <span class='ocr_line' id='line_1_21' title="bbox 84 2294 1092 2371; baseline 0.002 -17"><span class='ocrx_word' id='word_1_141' title='bbox 84 2313 150 2355; x_wconf 89' lang='lat' dir='ltr'><strong><em>esse</em></strong></span> <span class='ocrx_word' id='word_1_142' title='bbox 175 2297 308 2371; x_wconf 89' lang='lat' dir='ltr'><strong><em>apparet.</em></strong></span> <span class='ocrx_word' id='word_1_143' title='bbox 350 2294 482 2355; x_wconf 85' lang='lat' dir='ltr'><strong><em>eiusdem</em></strong></span> <span class='ocrx_word' id='word_1_144' title='bbox 503 2294 587 2355; x_wconf 88' lang='lat' dir='ltr'><strong><em>tituli</em></strong></span> <span class='ocrx_word' id='word_1_145' title='bbox 607 2295 699 2355; x_wconf 90' lang='lat' dir='ltr'><strong><em>libros</em></strong></span> <span class='ocrx_word' id='word_1_146' title='bbox 717 2305 787 2370; x_wconf 90' lang='lat' dir='ltr'><strong><em>post</em></strong></span> <span class='ocrx_word' id='word_1_147' title='bbox 804 2294 973 2356; x_wconf 85' lang='lat' dir='ltr'><strong><em>Labeonem</em></strong></span> <span class='ocrx_word' id='word_1_148' title='bbox 991 2296 1092 2356; x_wconf 88' lang='lat' dir='ltr'><strong><em>Masa-</em></strong></span> 
     </span>
     <span class='ocr_line' id='line_1_22' title="bbox 81 2375 1092 2465; baseline 0.001 -22"><span class='ocrx_word' id='word_1_149' title='bbox 81 2384 147 2444; x_wconf 88' lang='lat' dir='ltr'><strong><em>rius</em></strong></span> <span class='ocrx_word' id='word_1_150' title='bbox 174 2382 302 2443; x_wconf 83' lang='lat' dir='ltr'><strong><em>Sabinus</em></strong></span> <span class='ocrx_word' id='word_1_151' title='bbox 329 2383 497 2460; x_wconf 88' lang='lat' dir='ltr'><strong><em>composuit</em></strong></span> <span class='ocrx_word' id='word_1_152' title='bbox 519 2375 645 2465; x_wconf 86' lang='lat' dir='ltr'><strong><em>(Paulus</em></strong></span> <span class='ocrx_word' id='word_1_153' title='bbox 672 2383 749 2443; x_wconf 89' lang='lat' dir='ltr'><strong><em>libro</em></strong></span> <span class='ocrx_word' id='word_1_154' title='bbox 777 2383 1025 2463; x_wconf 77' lang='lat' dir='ltr'><strong><em>quadragensimo</em></strong></span> <span class='ocrx_word' id='word_1_155' title='bbox 1054 2383 1092 2444; x_wconf 89' lang='lat' dir='ltr'><strong><em>ad</em></strong></span> 
     </span>
     <span class='ocr_line' id='line_1_23' title="bbox 82 2466 1091 2550; baseline 0.001 -19"><span class='ocrx_word' id='word_1_156' title='bbox 82 2471 215 2532; x_wconf 86' lang='lat' dir='ltr'><strong><em>edietum</em></strong></span> <span class='ocrx_word' id='word_1_157' title='bbox 234 2471 270 2533; x_wconf 91' lang='lat' dir='ltr'><strong><em>D.</em></strong></span> <span class='ocrx_word' id='word_1_158' title='bbox 286 2473 337 2550; x_wconf 83' lang='lat'><strong><em>38,</em></strong></span> <span class='ocrx_word' id='word_1_159' title='bbox 353 2473 432 2549; x_wconf 79' lang='lat'>1,18</span> <span class='ocrx_word' id='word_1_160' title='bbox 453 2466 592 2533; x_wconf 74' lang='lat' dir='ltr'><strong><em>‘Sabinus</em></strong></span> <span class='ocrx_word' id='word_1_161' title='bbox 612 2473 650 2532; x_wconf 86' lang='lat' dir='ltr'><strong><em>ad</em></strong></span> <span class='ocrx_word' id='word_1_162' title='bbox 668 2472 799 2531; x_wconf 89' lang='lat' dir='ltr'><strong><em>edictum</em></strong></span> <span class='ocrx_word' id='word_1_163' title='bbox 817 2472 964 2546; x_wconf 86' lang='lat' dir='ltr'><strong><em>praetoris</em></strong></span> <span class='ocrx_word' id='word_1_164' title='bbox 983 2474 1091 2533; x_wconf 89' lang='lat' dir='ltr'><strong><em>urbani</em></strong></span> 
     </span>
     <span class='ocr_line' id='line_1_24' title="bbox 81 2552 839 2642; baseline 0 -22"><span class='ocrx_word' id='word_1_165' title='bbox 81 2560 163 2621; x_wconf 90' lang='lat' dir='ltr'><strong><em>libro</em></strong></span> <span class='ocrx_word' id='word_1_166' title='bbox 187 2560 291 2638; x_wconf 88' lang='lat' dir='ltr'><strong><em>quinto</em></strong></span> <span class='ocrx_word' id='word_1_167' title='bbox 315 2554 444 2641; x_wconf 91' lang='lat' dir='ltr'><strong><em>scribit’)</em></strong></span> <span class='ocrx_word' id='word_1_168' title='bbox 469 2564 500 2620; x_wconf 84' lang='lat' dir='ltr'><strong><em>ot</em></strong></span> <span class='ocrx_word' id='word_1_169' title='bbox 523 2559 617 2620; x_wconf 83' lang='lat' dir='ltr'><strong><em>Gaius</em></strong></span> <span class='ocrx_word' id='word_1_170' title='bbox 639 2552 686 2642; x_wconf 89' lang='lat' dir='ltr'><strong><em>(P.</em></strong></span> <span class='ocrx_word' id='word_1_171' title='bbox 707 2552 839 2641; x_wconf 80' lang='lat'>8-52).</span> 
     </span>
    </p>

    <p class='ocr_par' dir='ltr' id='par_1_7' title="bbox 75 2646 1096 3614">
     <span class='ocr_line' id='line_1_25' title="bbox 174 2646 1095 2724; baseline 0 -16"><span class='ocrx_word' id='word_1_172' title='bbox 174 2649 233 2720; x_wconf 82' lang='lat' dir='ltr'><strong><em>Qui</em></strong></span> <span class='ocrx_word' id='word_1_173' title='bbox 251 2652 320 2708; x_wconf 87' lang='lat' dir='ltr'><strong><em>aute</em></strong></span> <span class='ocrx_word' id='word_1_174' title='bbox 338 2649 508 2710; x_wconf 89' lang='lat' dir='ltr'><strong><em>Labeonem</em></strong></span> <span class='ocrx_word' id='word_1_175' title='bbox 525 2651 563 2709; x_wconf 89' lang='lat' dir='ltr'><strong><em>ad</em></strong></span> <span class='ocrx_word' id='word_1_176' title='bbox 580 2647 728 2724; x_wconf 87' lang='lat' dir='ltr'><strong><em>praetoris</em></strong></span> <span class='ocrx_word' id='word_1_177' title='bbox 747 2646 878 2706; x_wconf 88' lang='lat' dir='ltr'><strong><em>edictum</em></strong></span> <span class='ocrx_word' id='word_1_178' title='bbox 900 2647 993 2707; x_wconf 89' lang='lat' dir='ltr'><strong><em>libros</em></strong></span> <span class='ocrx_word' id='word_1_179' title='bbox 1017 2667 1095 2708; x_wconf 92' lang='lat' dir='ltr'><strong><em>com·</em></strong></span> 
     </span>
     <span class='ocr_line' id='line_1_26' title="bbox 79 2728 1095 2818; baseline -0.002 -20"><span class='ocrx_word' id='word_1_180' title='bbox 79 2741 262 2816; x_wconf 87' lang='lat' dir='ltr'><strong><em>posuerunt,</em></strong></span> <span class='ocrx_word' id='word_1_181' title='bbox 299 2737 420 2798; x_wconf 84' lang='lat' dir='ltr'><strong><em>Servius</em></strong></span> <span class='ocrx_word' id='word_1_182' title='bbox 453 2737 601 2814; x_wconf 80' lang='lat' dir='ltr'><strong><em>Sulpicius</em></strong></span> <span class='ocrx_word' id='word_1_183' title='bbox 633 2728 766 2818; x_wconf 70' lang='lat'>(1230)</span> <span class='ocrx_word' id='word_1_184' title='bbox 799 2738 830 2794; x_wconf 89' lang='lat' dir='ltr'><strong><em>et</em></strong></span> <span class='ocrx_word' id='word_1_185' title='bbox 860 2735 957 2794; x_wconf 89' lang='lat' dir='ltr'><strong><em>Aulus</em></strong></span> <span class='ocrx_word' id='word_1_186' title='bbox 990 2733 1095 2796; x_wconf 88' lang='lat' dir='ltr'><strong><em>Ofilius</em></strong></span> 
     </span>
     <span class='ocr_line' id='line_1_27' title="bbox 80 2817 1095 2909; baseline -0.002 -23"><span class='ocrx_word' id='word_1_187' title='bbox 80 2818 227 2909; x_wconf 82' lang='lat'>(1340),</span> <span class='ocrx_word' id='word_1_188' title='bbox 254 2827 435 2904; x_wconf 82' lang='lat' dir='ltr'><strong><em>generaliter</em></strong></span> <span class='ocrx_word' id='word_1_189' title='bbox 462 2826 582 2903; x_wconf 89' lang='lat' dir='ltr'><strong><em>quidem</em></strong></span> <span class='ocrx_word' id='word_1_190' title='bbox 609 2820 665 2885; x_wconf 72' lang='lat' dir='ltr'><strong><em>‘ad</em></strong></span> <span class='ocrx_word' id='word_1_191' title='bbox 692 2817 838 2884; x_wconf 87' lang='lat' dir='ltr'><strong><em>edietum&#39;</em></strong></span> <span class='ocrx_word' id='word_1_192' title='bbox 866 2823 1019 2902; x_wconf 81' lang='lat' dir='ltr'><strong><em>scripsisse</em></strong></span> <span class='ocrx_word' id='word_1_193' title='bbox 1046 2827 1095 2885; x_wconf 82' lang='lat' dir='ltr'><strong><em>vel</em></strong></span> 
     </span>
     <span class='ocr_line' id='line_1_28' title="bbox 79 2908 1094 2994; baseline -0.001 -19"><span class='ocrx_word' id='word_1_194' title='bbox 79 2908 240 2976; x_wconf 75' lang='lat' dir='ltr'><strong><em>‘edictum&#39;</em></strong></span> <span class='ocrx_word' id='word_1_195' title='bbox 258 2915 460 2994; x_wconf 82' lang='lat' dir='ltr'><strong><em>composuisse</em></strong></span> <span class='ocrx_word' id='word_1_196' title='bbox 479 2915 628 2992; x_wconf 85' lang='lat' dir='ltr'><strong><em>dicuntur,</em></strong></span> <span class='ocrx_word' id='word_1_197' title='bbox 647 2914 700 2975; x_wconf 88' lang='lat' dir='ltr'><strong><em>sed</em></strong></span> <span class='ocrx_word' id='word_1_198' title='bbox 722 2913 795 2991; x_wconf 90' lang='lat' dir='ltr'><strong><em>quin</em></strong></span> <span class='ocrx_word' id='word_1_199' title='bbox 816 2913 925 2974; x_wconf 87' lang='lat' dir='ltr'><strong><em>urbani</em></strong></span> <span class='ocrx_word' id='word_1_200' title='bbox 947 2913 1094 2990; x_wconf 87' lang='lat' dir='ltr'><strong><em>praetoris</em></strong></span> 
     </span>
     <span class='ocr_line' id='line_1_29' title="bbox 78 3003 1095 3080; baseline -0.002 -16"><span class='ocrx_word' id='word_1_201' title='bbox 78 3004 215 3064; x_wconf 87' lang='lat' dir='ltr'><strong><em>edictum</em></strong></span> <span class='ocrx_word' id='word_1_202' title='bbox 236 3004 427 3080; x_wconf 80' lang='lat' dir='ltr'><strong><em>interpretati</em></strong></span> <span class='ocrx_word' id='word_1_203' title='bbox 449 3003 523 3077; x_wconf 81' lang='lat' dir='ltr'><strong><em>sint,</em></strong></span> <span class='ocrx_word' id='word_1_204' title='bbox 550 3003 681 3064; x_wconf 88' lang='lat' dir='ltr'><strong><em>dubitari</em></strong></span> <span class='ocrx_word' id='word_1_205' title='bbox 703 3003 815 3079; x_wconf 89' lang='lat' dir='ltr'><strong><em>nequit.</em></strong></span> <span class='ocrx_word' id='word_1_206' title='bbox 857 3004 909 3064; x_wconf 87' lang='lat' dir='ltr'><strong><em>sed</em></strong></span> <span class='ocrx_word' id='word_1_207' title='bbox 931 3003 954 3062; x_wconf 91' lang='lat' dir='ltr'><strong><em>ii</em></strong></span> <span class='ocrx_word' id='word_1_208' title='bbox 977 3022 1095 3079; x_wconf 87' lang='lat' dir='ltr'><strong><em>quoque</em></strong></span> 
     </span>
     <span class='ocr_line' id='line_1_30' title="bbox 77 3091 1096 3170; baseline -0.002 -18"><span class='ocrx_word' id='word_1_209' title='bbox 77 3093 134 3170; x_wconf 85' lang='lat' dir='ltr'><strong><em>qui</em></strong></span> <span class='ocrx_word' id='word_1_210' title='bbox 165 3095 236 3169; x_wconf 88' lang='lat' dir='ltr'><strong><em>post</em></strong></span> <span class='ocrx_word' id='word_1_211' title='bbox 266 3092 436 3153; x_wconf 87' lang='lat' dir='ltr'><strong><em>Labeonem</em></strong></span> <span class='ocrx_word' id='word_1_212' title='bbox 462 3092 663 3170; x_wconf 78' lang='lat' dir='ltr'><strong><em>Sabinumque</em></strong></span> <span class='ocrx_word' id='word_1_213' title='bbox 696 3092 734 3150; x_wconf 89' lang='lat' dir='ltr'><strong><em>ad</em></strong></span> <span class='ocrx_word' id='word_1_214' title='bbox 761 3091 892 3152; x_wconf 87' lang='lat' dir='ltr'><strong><em>edietum</em></strong></span> <span class='ocrx_word' id='word_1_215' title='bbox 916 3092 1008 3150; x_wconf 89' lang='lat' dir='ltr'><strong><em>libros</em></strong></span> <span class='ocrx_word' id='word_1_216' title='bbox 1036 3091 1096 3150; x_wconf 87' lang='lat' dir='ltr'><strong><em>edi-</em></strong></span> 
     </span>
     <span class='ocr_line' id='line_1_31' title="bbox 77 3172 1096 3261; baseline -0.003 -20"><span class='ocrx_word' id='word_1_217' title='bbox 77 3182 201 3256; x_wconf 83' lang='lat' dir='ltr'><strong><em>derant,</em></strong></span> <span class='ocrx_word' id='word_1_218' title='bbox 220 3179 328 3241; x_wconf 85' lang='lat' dir='ltr'><strong><em>Sextus</em></strong></span> <span class='ocrx_word' id='word_1_219' title='bbox 341 3181 451 3241; x_wconf 87' lang='lat' dir='ltr'><strong><em>Pedius</em></strong></span> <span class='ocrx_word' id='word_1_220' title='bbox 469 3174 514 3261; x_wconf 91' lang='lat' dir='ltr'><strong><em>(P.</em></strong></span> <span class='ocrx_word' id='word_1_221' title='bbox 531 3173 662 3259; x_wconf 86' lang='lat'>1-50)‚</span> <span class='ocrx_word' id='word_1_222' title='bbox 680 3179 864 3256; x_wconf 88' lang='lat' dir='ltr'><strong><em>Pomponius</em></strong></span> <span class='ocrx_word' id='word_1_223' title='bbox 883 3173 929 3259; x_wconf 83' lang='lat' dir='ltr'><strong><em>(P.</em></strong></span> <span class='ocrx_word' id='word_1_224' title='bbox 942 3172 1096 3261; x_wconf 80' lang='grc'>1-173),</span> 
     </span>
     <span class='ocr_line' id='line_1_32' title="bbox 76 3259 1096 3351; baseline -0.002 -22"><span class='ocrx_word' id='word_1_225' title='bbox 76 3271 193 3330; x_wconf 82' lang='lat' dir='ltr'><strong><em>Furius</em></strong></span> <span class='ocrx_word' id='word_1_226' title='bbox 216 3269 387 3330; x_wconf 82' lang='lat' dir='ltr'><strong><em>Anthianus</em></strong></span> <span class='ocrx_word' id='word_1_227' title='bbox 410 3260 457 3351; x_wconf 88' lang='lat' dir='ltr'><strong><em>(P.</em></strong></span> <span class='ocrx_word' id='word_1_228' title='bbox 478 3261 587 3350; x_wconf 85' lang='lat'>1—3),</span> <span class='ocrx_word' id='word_1_229' title='bbox 611 3269 723 3328; x_wconf 88' lang='lat' dir='ltr'><strong><em>Paulus</em></strong></span> <span class='ocrx_word' id='word_1_230' title='bbox 746 3259 793 3349; x_wconf 92' lang='lat' dir='ltr'><strong><em>(P.</em></strong></span> <span class='ocrx_word' id='word_1_231' title='bbox 814 3259 989 3348; x_wconf 79' lang='lat'>83-831),</span> <span class='ocrx_word' id='word_1_232' title='bbox 1012 3267 1096 3344; x_wconf 88' lang='lat' dir='ltr'><strong><em>Ulpi-</em></strong></span> 
     </span>
     <span class='ocr_line' id='line_1_33' title="bbox 76 3350 1095 3440; baseline -0.002 -22"><span class='ocrx_word' id='word_1_233' title='bbox 76 3377 159 3418; x_wconf 88' lang='lat' dir='ltr'><strong><em>anus</em></strong></span> <span class='ocrx_word' id='word_1_234' title='bbox 183 3350 230 3440; x_wconf 88' lang='lat' dir='ltr'><strong><em>(P.</em></strong></span> <span class='ocrx_word' id='word_1_235' title='bbox 250 3354 475 3438; x_wconf 83' lang='grc'>170-1756),</span> <span class='ocrx_word' id='word_1_236' title='bbox 498 3359 556 3435; x_wconf 90' lang='lat' dir='ltr'><strong><em>ipsi</em></strong></span> <span class='ocrx_word' id='word_1_237' title='bbox 579 3375 695 3434; x_wconf 90' lang='lat' dir='ltr'><strong><em>quoque</em></strong></span> <span class='ocrx_word' id='word_1_238' title='bbox 718 3355 858 3415; x_wconf 88' lang='lat' dir='ltr'><strong><em>dicantur</em></strong></span> <span class='ocrx_word' id='word_1_239' title='bbox 880 3355 1032 3433; x_wconf 86' lang='lat' dir='ltr'><strong><em>scripsisse</em></strong></span> <span class='ocrx_word' id='word_1_240' title='bbox 1056 3359 1095 3417; x_wconf 89' lang='lat' dir='ltr'><strong><em>ad</em></strong></span> 
     </span>
     <span class='ocr_line' id='line_1_34' title="bbox 75 3443 1095 3523; baseline -0.002 -17"><span class='ocrx_word' id='word_1_241' title='bbox 75 3447 215 3507; x_wconf 88' lang='lat' dir='ltr'><strong><em>edictum</em></strong></span> <span class='ocrx_word' id='word_1_242' title='bbox 237 3448 287 3508; x_wconf 82' lang='lat' dir='ltr'><strong><em>vel</em></strong></span> <span class='ocrx_word' id='word_1_243' title='bbox 313 3449 352 3508; x_wconf 88' lang='lat' dir='ltr'><strong><em>ad</em></strong></span> <span class='ocrx_word' id='word_1_244' title='bbox 379 3447 509 3508; x_wconf 90' lang='lat' dir='ltr'><strong><em>edictum</em></strong></span> <span class='ocrx_word' id='word_1_245' title='bbox 535 3445 691 3523; x_wconf 87' lang='lat' dir='ltr'><strong><em>praetoris.</em></strong></span> <span class='ocrx_word' id='word_1_246' title='bbox 736 3443 838 3521; x_wconf 86' lang='lat' dir='ltr'><strong><em>itaque</em></strong></span> <span class='ocrx_word' id='word_1_247' title='bbox 863 3463 931 3504; x_wconf 86' lang='lat' dir='ltr'><strong><em>eum</em></strong></span> <span class='ocrx_word' id='word_1_248' title='bbox 953 3446 983 3504; x_wconf 92' lang='lat' dir='ltr'><strong><em>in</em></strong></span> <span class='ocrx_word' id='word_1_249' title='bbox 1005 3445 1095 3506; x_wconf 90' lang='lat' dir='ltr'><strong><em>Iusti-</em></strong></span> 
     </span>
     <span class='ocr_line' id='line_1_35' title="bbox 75 3534 1095 3614; baseline -0.003 -20"><span class='ocrx_word' id='word_1_250' title='bbox 75 3537 167 3595; x_wconf 87' lang='lat' dir='ltr'><strong><em>niani</em></strong></span> <span class='ocrx_word' id='word_1_251' title='bbox 184 3535 319 3614; x_wconf 82' lang='lat' dir='ltr'><strong><em>Digestis</em></strong></span> <span class='ocrx_word' id='word_1_252' title='bbox 342 3535 411 3596; x_wconf 88' lang='lat' dir='ltr'><strong><em>libri</em></strong></span> <span class='ocrx_word' id='word_1_253' title='bbox 431 3537 470 3595; x_wconf 89' lang='lat' dir='ltr'><strong><em>ad</em></strong></span> <span class='ocrx_word' id='word_1_254' title='bbox 492 3535 642 3612; x_wconf 82' lang='lat' dir='ltr'><strong><em>peregrini</em></strong></span> <span class='ocrx_word' id='word_1_255' title='bbox 665 3550 782 3610; x_wconf 89' lang='lat' dir='ltr'><strong><em>quoqne</em></strong></span> <span class='ocrx_word' id='word_1_256' title='bbox 800 3534 947 3609; x_wconf 86' lang='lat' dir='ltr'><strong><em>praetoris</em></strong></span> <span class='ocrx_word' id='word_1_257' title='bbox 959 3535 1095 3595; x_wconf 61' lang='lat' dir='ltr'><strong><em>vofficium</em></strong></span> 
     </span>
    </p>

    <p class='ocr_par' dir='ltr' id='par_1_8' title="bbox 847 3629 882 3684">
     <span class='ocr_line' id='line_1_36' title="bbox 847 3629 882 3684; baseline 0 -21"><span class='ocrx_word' id='word_1_258' title='bbox 847 3629 882 3684; x_wconf 73' lang='grc'><strong><em>6*</em></strong></span> 
     </span>
    </p>
   </div>
   <div class='ocr_carea' id='block_1_7' title="bbox 0 0 1258 3880">
    <p class='ocr_par' dir='ltr' id='par_1_9' title="bbox 0 0 1258 3880">
     <span class='ocr_line' id='line_1_37' title="bbox 0 0 1258 3880; baseline 0 5"><span class='ocrx_word' id='word_1_259' title='bbox 0 0 1258 3880; x_wconf 95' lang='lat' dir='ltr'><strong><em> </em></strong></span> 
     </span>
    </p>
   </div>
  </div>
 </body>
</html>
