2512 3888
408 172 432 222 a.
456 164 640 222 nnsoaros
659 165 813 222 scarras
978 149 990 168 “
1051 164 1115 229 471

109 333 217 393 ducere
244 351 305 392 non
329 332 407 394 licet.
453 333 526 392 item
553 353 619 392 eam
648 334 819 410 quaemihi
843 334 1118 411 quondamsocrns

107 425 163 482 aut
193 440 287 482 nurus
319 424 372 482 aut
402 421 542 498 privigna
570 424 625 481 aut
651 439 779 482 noverca
806 423 874 482 fuit.
922 423 988 483 ideo
1017 427 1120 483 antem

108 511 238 570 diximus
271 510 434 588 quondam,
466 511 538 587 qnia
564 511 590 570 si
617 510 714 569 adhuc
744 513 881 570 constant
908 531 959 571 eae
985 513 1119 590 nuptiae,
1158 532 1161 537 ·

109 619 164 678 per
191 618 266 675 quas
293 599 364 658 talis
395 599 534 659 adfinitas
568 599 705 676 quaesita
732 602 790 677 est,
819 599 879 658 alia
905 600 1020 660 ratione
1046 600 1120 660 mihi

109 691 207 764 nupta
234 707 380 748 essenon
402 691 515 765 potest,
543 689 615 764 quia
637 707 734 765 neque
758 689 862 748 eadem
884 689 1000 748 duobus
1022 693 1119 766 nupta

110 796 175 838 esse
197 779 306 852 potest,
328 795 425 854 neque
441 776 522 836 idem
541 776 614 836 duas
632 795 741 837 uxores
759 777 879 836 habere.
920 796 991 854 ergo
1010 778 1120 854 siquis

109 866 241 926 nefarias
266 868 355 943 atque
378 867 508 926 incestas
526 866 649 942 nuptias
669 865 859 943 contraxerit,
882 885 978 943 neque
997 885 1120 925 uxorem

109 955 220 1014 habere
248 954 368 1015 videtur
395 973 491 1033 neque
513 955 638 1032 liberos3
666 955 769 1032 itaque
792 954 823 1013 hi
847 955 898 1032 qni
922 973 958 1013 ex
981 971 1016 1013 eo
1040 954 1122 1014 coitu

111 1046 290 1121 nascuntur,
312 1047 440 1103 matrem
462 1044 583 1122 quidem
606 1043 715 1103 habere
739 1043 885 1116 videntur,
909 1047 1028 1120 patrem
1050 1061 1121 1103 vero

110 1151 170 1193 non
198 1133 318 1210 ntiqne;
344 1152 399 1193 nea
428 1133 465 1193 ob
490 1133 522 1192 id
548 1133 580 1193 in
607 1135 757 1210 potestate
780 1133 844 1192 eius
867 1136 947 1210 sunt,
971 1131 1023 1191 scd
1044 1133 1122 1192 tales

111 1224 182 1282 sunt
219 1222 322 1297 quales
359 1225 430 1280 sunt
465 1223 496 1281 hi
530 1240 604 1298 qnos
636 1224 733 1280 mater
765 1223 856 1300 vulgo
889 1220 1025 1297 concepit
1057 1214 1120 1281 ...’

111 1309 176 1370 cai.
192 1311 219 1385 1,
235 1311 373 1369 58-64.

201 1391 381 1473 ‘Aliquando
413 1402 514 1458 autem
546 1399 658 1470 evenit,
690 1401 728 1458 ut
757 1398 844 1458 liberi
876 1399 930 1476 qui
957 1398 1061 1458 statim
1088 1401 1124 1457 nt

112 1486 177 1546 nati
214 1488 297 1563 sunt,
332 1489 492 1562 parentum
527 1487 559 1545 in
590 1489 740 1563 potestate
766 1507 827 1547 non
853 1488 940 1563 fiant,
967 1487 991 1546 ii
1017 1491 1124 1563 postea

111 1579 213 1634 tamen
244 1573 420 1649 redigantur
451 1575 482 1633 in
512 1577 701 1651 potestatem.
750 1577 846 1635 veluti
879 1577 905 1636 si
931 1576 1059 1635 Latinus
1088 1595 1124 1635 ex

112 1665 180 1741 lege
198 1661 286 1722 Aelia
305 1662 409 1722 Sentio.
426 1682 517 1723 uxore
537 1663 626 1722 ducta
644 1663 740 1722 filium
758 1664 961 1740 procreaverit
975 1668 1028 1724 aut
1041 1665 1124 1724 Lati·

111 1772 184 1812 num
217 1771 253 1812 ex
280 1751 390 1811 Latina
422 1756 476 1811 aut
508 1751 604 1812 civem
630 1752 797 1812 Romanum
825 1772 862 1812 ex
888 1753 952 1814 aive
980 1753 1123 1829 Romana,

111 1861 172 1901 non
199 1840 323 1901 habebit
351 1860 419 1900 enm
441 1840 473 1898 in
496 1843 662 1917 potestate;
689 1840 741 1900 sed
764 1840 791 1900 si
812 1844 918 1916 postea
941 1861 1032 1902 cansa
1054 1861 1123 1918 pro·

112 1931 184 1989 bata
224 1931 272 1990 ins
310 1928 471 1999 Quiritium
513 1932 690 1990 consecutus
730 1929 836 2009 fuerit,
869 1930 960 1990 simul
991 1951 1060 1990 eum
1091 1931 1125 1990 in

111 2021 262 2094 potestate
287 2037 341 2077 sua
360 2019 469 2078 habere
487 2017 601 2095 incipit.
642 2019 717 2078 item
735 2018 762 2078 si
779 2017 853 2080 civis
872 2019 1024 2079 Romanus
1042 2020 1124 2080 Lati-

110 2126 182 2166 nam
214 2110 267 2167 aut
299 2109 487 2186 peregrinam
518 2127 642 2169 uxorem
674 2107 793 2167 duxerit
828 2127 881 2184 per
913 2109 1124 2188 ignorantiam,

111 2213 180 2254 cum
209 2213 275 2255 eam
302 2196 397 2256 civem
423 2197 589 2257 Romanam
616 2215 680 2257 esse
708 2197 855 2273 crederet,
883 2201 914 2257 et
938 2198 1034 2257 filium
1056 2217 1125 2276 pro-

113 2284 273 2363 creaverit,
300 2285 430 2346 hicnon
454 2288 500 2346 cst
521 2286 554 2344 in
575 2290 725 2362 potestate
748 2287 823 2364 eins,
851 2288 980 2363 quiana
1004 2287 1125 2362 quidem

111 2371 186 2432 civis
216 2373 368 2433 Romanus
395 2378 455 2452 est,
488 2374 540 2434 sed
567 2377 621 2434 ant
642 2375 769 2434 Latinus
797 2379 850 2434 aut
876 2376 1066 2456 peregrinus,
1093 2375 1125 2434 id

113 2462 160 2520 est
183 2461 246 2521 eins
269 2462 449 2522 condicionis
472 2461 557 2522 cuins
570 2466 612 2521 et
633 2466 730 2521 mater
748 2463 849 2541 fuerit,
869 2463 1018 2541 quianon
1036 2464 1126 2524 aliter

112 2549 239 2626 quisque
254 2551 292 2609 ad
305 2550 401 2627 patris
416 2549 617 2610 condicionem
631 2549 755 2625 accedit,
770 2569 861 2627 qnam
876 2551 902 2610 si
914 2551 994 2611 inter
1008 2556 1125 2628 patrem

112 2640 144 2697 et
170 2641 299 2698 matrem
326 2639 389 2699 eius
416 2638 579 2698 conubium
607 2638 659 2714 sit3
691 2639 744 2696 sed
772 2657 808 2697 cx
836 2642 958 2698 senatus
987 2641 1125 2700 consulto

111 2727 300 2804 permittitur
323 2745 444 2788 cansam
467 2727 575 2787 erroris
597 2727 732 2804 probare,
751 2729 783 2787 et
800 2728 844 2786 ita
861 2746 938 2786 uxor
956 2747 1074 2804 quoquc
1096 2731 1127 2788 et

113 2816 194 2876 filius
223 2817 260 2877 ad
288 2818 440 2878 civitatem
467 2817 631 2876 Romanam
658 2815 850 2894 perveniunt,
878 2818 909 2875 et
933 2835 969 2875 ex
993 2835 1027 2877 eo
1050 2819 1126 2876 tem·

112 2924 185 2982 pore
218 2905 324 2982 incipit
354 2905 435 2966 filius
465 2907 497 2964 in
523 2908 672 2982 potestate
699 2905 795 2983 patris
823 2923 896 2965 esse.
942 2905 1022 2965 idem
1049 2898 1125 2965 iuris

112 2997 159 3054 est
187 2995 214 3054 si
241 3013 307 3054 eam
333 3014 387 3071 per
408 2995 611 3074 ignorantiam
632 3013 758 3054 uxorem
781 2994 915 3070 duxerit,
942 3012 1019 3070 qnae
1042 2993 1125 3054 dedi·

112 3083 252 3143 ticiorum
271 3103 395 3145 numero
415 3086 468 3160 est,
491 3083 550 3142 nisi
568 3083 648 3159 qnod
665 3102 741 3143 uxor
758 3102 818 3143 non
836 3083 871 3143 fit
890 3083 963 3143 civis
982 3083 1125 3144 Romana.

112 3171 187 3231 itam
220 3173 245 3232 si
276 3173 349 3233 civis
377 3173 512 3232 Romana
538 3190 593 3249 per
620 3191 750 3232 errorem
777 3175 873 3249 nupta
900 3173 940 3232 sit
967 3172 1124 3250 peregrino

112 3263 267 3337 tamqnam
304 3260 362 3322 civi
394 3261 540 3338 Romano,
578 3260 765 3336 permittitur
801 3261 829 3320 ei
861 3280 983 3321 cansam
1016 3263 1125 3322 erroris

113 3350 249 3427 probare,
273 3353 304 3410 et
326 3351 370 3410 ita
392 3349 473 3410 filius
497 3367 615 3428 qnoque
637 3349 701 3408 eins
720 3351 751 3409 et
769 3349 897 3410 maritus
915 3350 954 3410 ad
972 3351 1126 3412 civitatem
1244 3379 1245 3384 ¹

113 3439 277 3498 Romanam
309 3439 501 3517 perveniunt,
537 3440 570 3498 et
601 3457 695 3516 aeque
728 3438 818 3499 simul
850 3439 956 3516 incipit
986 3439 1066 3500 filins
1094 3439 1128 3500 in

113 3529 264 3602 potestate
293 3527 389 3604 patris
417 3546 490 3590 esse.
540 3527 620 3588 idem
646 3527 721 3588 iuris
749 3530 796 3588 est
819 3528 845 3590 si
867 3529 1025 3608 peregrino
1049 3533 1126 3590 tam·
1244 3585 1245 3598 ,

1187 3628 1218 3639 ‚h
