2506 3880
284 233 286 236 .
396 191 420 240 7.
443 184 481 241 Μ.
499 183 690 240 ANTISTIUS
704 184 824 240 LABEO
1048 183 1111 248 165

107 373 122 413 a
149 351 325 413 Triboniani
355 352 492 412 adiutore
523 353 568 412 ita
600 356 783 428 corruptam,
814 355 851 412 nt
877 352 977 412 Labeo
1009 355 1114 413 eontra

107 442 212 501 dixisse
237 437 356 500 dicatur
378 459 413 500 ae
435 460 466 500 re
489 459 561 502 vera
583 442 671 500 dixit:
696 440 831 501 Iauoleni
849 441 928 500 enim
945 440 1114 502 Labeonem

106 529 270 590 refellentis
294 529 444 589 sententia
465 529 497 588 in
518 530 618 605 ipsum
640 529 808 589 Labeonem
831 530 1020 590 transfertur.
1057 523 1114 590 ita·

107 638 161 696 que
183 619 233 679 rel
256 618 293 677 A.
311 618 435 677 Perniee
458 619 477 676 l.
496 637 520 677 a.
545 619 600 678 ait:
627 617 817 696 „Allerdings
841 617 910 677 dari
929 638 999 678 man
1019 666 1047 678 ..
1067 619 1114 678 die

106 705 311 783 redigierende
344 706 518 783 Thangkeit
550 707 603 767 der
639 705 859 784 compilatoren
897 707 991 766 nieht.
1012 711 1114 768 unter-

107 797 256 868 sehttzen3
287 795 352 854 dass
376 797 418 854 sie
437 842 442 855 .
458 841 465 855 .
484 795 548 854 hier
571 795 636 855 eine
661 795 906 856 einsohneidsnde
930 815 1004 871 war,
1028 797 1116 856 dafm

106 885 203 944 baben
231 885 288 944 wir
319 884 351 943 in
383 883 495 943 den..
520 883 863 961 Zwillingsfragmenten
886 929 893 943 .
913 929 920 943 .
943 884 1000 943 den
1030 884 1115 944 deut-

107 974 234 1034 liohsten
255 967 397 1031 Beweis“.

193 1061 300 1121 Nihilo
332 1061 430 1120 minus
457 1060 535 1120 idem
563 1061 764 1121 coniecturam
792 1080 809 1121 a
837 1062 875 1121 H.
898 1060 1020 1120 Pemioe
1047 1080 1114 1136 pro·

107 1151 235 1227 positam
259 1149 386 1227 probare
408 1168 467 1210 non
491 1150 594 1227 audet3
618 1152 691 1209 haee
714 1152 791 1210 enim
811 1170 839 1226 p.
859 1152 901 1210 80
922 1149 1026 1210 obicit:
1049 1149 1114 1228 „die

107 1238 273 1318 Annahme,
292 1238 357 1297 dass
375 1238 447 1298 awai
465 1239 645 1298 Referenten
663 1240 712 1298 fllr
730 1239 864 1299 dasselbe
881 1237 975 1297 Werk
993 1238 1116 1298 bestellt

108 1330 195 1406 saian,
220 1326 336 1387 seheint
358 1328 405 1385 die
423 1326 612 1405 Vermutung
634 1346 709 1404 ganz
728 1327 917 1388 entsohieden
936 1344 1033 1404 gagen
1053 1325 1115 1386 siah

108 1437 143 1475 zu
160 1416 268 1476 haben.
302 1415 369 1473 Wir
387 1417 517 1475 mlllsten
533 1415 581 1474 die
596 1416 825 1494 schlagendsten
837 1417 971 1476 Baweise
985 1416 1113 1494 fordern,

108 1525 193 1564 wenn
211 1503 267 1564 wir
286 1503 353 1563 dem
371 1505 549 1582 gegenllber,
571 1523 632 1564 was
650 1505 706 1563 wir
723 1524 781 1565 von
801 1506 853 1563 der
871 1505 936 1563 Eile
956 1504 1008 1562 der
1028 1503 1114 1564 Com-

107 1594 258 1670 pilatoren
289 1592 337 1651 bei
370 1593 422 1652 der
447 1593 660 1671 Bewaltigung
692 1593 743 1653 des
770 1593 993 1653 massenhaften
1022 1593 1114 1653 Stoffs

109 1686 193 1743 sonst
220 1681 342 1759 nissen,
371 1682 500 1758 glauben
529 1682 651 1754 sollten,
680 1682 722 1742 sie
749 1682 853 1742 hatten
876 1682 925 1741 ein
947 1682 1039 1741 Werk
1062 1682 1115 1740 der

106 1769 361 1848 vorjulianisohen
396 1770 588 1847 praktisehen
620 1770 788 1830 Litteratur
823 1790 883 1832 von
916 1771 1033 1831 Zweien
1064 1771 1115 1829 be·

109 1861 244 1919 arbeiten
276 1853 402 1919 lassen“.
452 1862 484 1919 at
515 1859 588 1919 haee
621 1878 688 1918 oum
716 1879 770 1936 per
798 1877 828 1920 se
856 1860 923 1936 ipsa
949 1879 1008 1920 non
1036 1859 1115 1919 tanti

107 1947 252 2008 momenti
271 1950 350 2024 sunt,
368 1950 404 2007 ut
423 1948 594 2008 coniectura
612 1949 781 2008 necessaria
799 1949 963 2025 refellatur,
982 1954 1047 2009 tum
1067 1949 1113 2010 vir

108 2036 299 2097 doctissimus
319 2036 492 2096 Triboniani
515 2037 708 2098 ambitionem
733 2042 764 2099 et
782 2039 895 2116 gloriae
914 2039 1114 2115 captationem

106 2125 253 2201 neglegit,
275 2124 327 2200 qui
349 2124 515 2184 illustrium
537 2126 612 2186 iuris
635 2128 839 2187 consultorum
863 2132 997 2188 veterum
1019 2129 1113 2187 nomi-

107 2213 196 2273 nibus
224 2213 318 2273 libros
347 2231 417 2273 suos
439 2214 485 2273 ita
507 2216 606 2274 ornari
629 2217 740 2293 voluit,
767 2217 852 2292 quasi
874 2218 1005 2293 ipsorum
1030 2218 1114 2277 libris

106 2302 234 2379 integris
262 2319 335 2361 usus
363 2307 453 2377 esset,
481 2322 540 2379 qno
568 2305 668 2364 studio
691 2305 803 2364 fantum
827 2309 884 2376 est,
914 2312 950 2366 ut
972 2308 1003 2364 in
1025 2307 1114 2366 libro·

106 2411 172 2450 rum
206 2391 334 2472 indicem
366 2410 426 2451 non
456 2393 544 2451 modo
578 2386 704 2462 ‘Quintu
731 2393 833 2453 Muoiu
861 2393 1005 2454 Scaevola
1037 2392 1115 2474 ὅρων

106 2479 225 2559 βιβλίον
252 2474 306 2556 ἕν’,
335 2480 388 2539 sed
414 2479 504 2540 etiam
529 2473 655 2539 ‘Sabinu
676 2481 752 2540 iuris
775 2481 895 2540 civilion
918 2482 1017 2561 βίβλία
1039 2477 1114 2561 τρία’

39 2619 41 2624 .
106 2570 266 2645 reciperet,
299 2586 479 2645 quamquam
511 2587 547 2627 ne
580 2587 657 2627 unus
689 2568 809 2644 quidem
840 2587 942 2626 eorum
969 2570 1115 2630 librorum

19 2729 20 2738 χ
107 2659 135 2717 ei
163 2658 201 2716 ad
229 2675 335 2720 manus
363 2658 470 2717 fuerat.
516 2658 595 2714 earte
624 2656 659 2715 da
686 2655 834 2714 Labeonis
865 2654 900 2712 de
928 2675 986 2731 quo
1015 2659 1117 2735 agitur

107 2765 198 2823 opere
229 2745 265 2806 A.
290 2745 412 2805 Perniae
435 2745 451 2804 I
471 2746 511 2805 69
544 2746 624 2804 reate
656 2743 741 2802 dicit:
761 2742 948 2820 „Exaerpirt
979 2743 1020 2802 ist
1048 2744 1115 2804 das-

19 2883 20 2886 .
107 2835 189 2895 selba
217 2853 274 2896 von
306 2834 362 2894 den
391 2833 614 2910 compilatoren
642 2831 796 2892 sicherlieh
824 2827 925 2891 nieht“
954 2834 984 2890 et
1011 2853 1039 2907 p.
1061 2834 1115 2893 70:

107 2922 347 3002 „anaweilelhaft
379 2923 421 2983 iat
448 2941 492 2995 es,
526 2922 593 2982 dass
620 2922 705 2982 nieht
732 2922 783 2982 des
812 2920 1031 2998 Originalwerlr
1059 2921 1116 2981 den

19 3009 20 3028 ¹
108 3011 332 3088 Gompllatoren
358 3032 410 3071 zur
432 3012 521 3072 Hand
547 3007 635 3074 war“.
682 3014 714 3072 at
736 3031 799 3071 rem
822 3030 857 3071 ea
881 3011 977 3088 speeie
1001 3029 1116 3088 ornare,

107 3105 143 3160 ut
170 3100 318 3160 Labeonis
345 3101 404 3177 ipsi
430 3101 499 3160 libri
527 3101 558 3159 in
581 3100 714 3178 Digestis
743 3100 930 3161 conficiendis
958 3099 1117 3161 videantur

108 3188 236 3250 adhibiti
277 3207 357 3265 esse,
398 3207 505 3266 operae
546 3189 676 3263 pretium
718 3206 780 3248 esse
817 3188 997 3248 Triboniano
1033 3187 1116 3248 vide-

107 3278 198 3337 batur
225 3297 280 3338 neo
307 3280 426 3337 tantum
456 3295 555 3337 morae
584 3277 701 3353 afferre,
733 3280 769 3334 ut
796 3295 814 3334 a
840 3278 911 3336 voto
938 3276 1116 3352 perficiendo

110 3366 315 3426 desistendum
344 3384 407 3425 esse
430 3364 560 3443 putaret.
606 3363 709 3424 eadem
737 3363 773 3422 de
801 3382 892 3424 causa
913 3364 967 3424 illa
989 3368 1026 3426 ad
1050 3365 1116 3425 irri-

109 3459 175 3514 tum
203 3454 395 3532 rediguntur,
427 3472 503 3531 quae
531 3453 568 3512 ad
596 3452 776 3512 reiciendum
803 3453 887 3513 illam
916 3455 1116 3516 coniecturam
1190 3460 1207 3465 ²

108 3543 146 3603 A.
170 3542 293 3604 Pernioe
317 3563 344 3622 p.
365 3545 407 3603 80
431 3543 528 3601 affert:
554 3541 633 3618 „Der
655 3541 771 3604 Beweis
794 3541 869 3621 liegt
893 3544 989 3623 einzig
1012 3546 1043 3606 in
1066 3544 1092 3603 (i¹
