2512 3888
407 212 431 262 2.
458 205 641 262 MASURIUS
661 205 814 262 sturnus
1051 205 1117 270 405

106 373 207 435 fuisse.
244 373 316 452 quin
331 377 475 452 veterum,
488 374 626 450 inprimis
639 374 731 434 Mucii
745 373 899 454 Serviique
912 374 998 434 libris
1018 375 1116 434 Masu-

106 459 170 524 rius
193 481 266 523 usus
289 463 337 535 sit,
360 481 419 523 non
442 465 489 522 est
506 463 648 537 dubium3
672 467 705 522 at
726 482 829 523 eorum
852 464 918 538 ipsa
939 465 1032 523 verba
1052 464 1116 541 ple-

105 571 231 629 rumque
254 553 351 612 relata
373 570 439 612 esse
461 551 582 611 minime
605 551 785 612 credendum
808 555 863 612 est.
899 567 968 610 nam
986 552 1067 628 quod
1084 553 1116 611 iu

107 640 263 717 Pomponii
276 640 363 700 Pauli
376 640 499 716 Ulpiani
518 641 738 700 commentariis
758 641 894 701 veterum
909 641 1001 700 verba
1014 642 1117 700 affere·

106 729 225 805 bantur,
242 749 303 789 non
321 730 401 790 idem
418 748 538 790 necesse
557 733 604 789 est
622 729 659 790 de
675 729 786 790 Sabino
806 749 909 789 verum
929 747 1001 789 esse.
1038 731 1117 808 quod

106 838 176 880 vero
203 818 352 895 Ulpianus
379 818 465 878 libris
492 818 531 878 ad
556 818 699 878 Sabinum
726 818 800 878 dicit
822 811 872 898 (D.
893 819 944 897 33,
963 821 991 891 3,
1012 811 1117 898 3pr.):

108 901 128 968 ἱ
148 953 155 968 .
174 955 180 968 .
201 906 329 979 Quintus
355 907 474 967 Mucius
506 907 610 968 scribit
628 953 635 969 .
650 953 657 968 .
672 950 680 967 .
698 907 778 966 idem
806 905 934 966 Sabinus
962 906 1048 966 libris
1075 907 1118 966 ad

111 995 304 1056 Vitellium
322 988 446 1075 scribit',
465 1015 533 1056 cum
552 997 647 1056 simile
665 996 740 1056 nihil
758 996 795 1055 de
814 995 888 1055 iuris
911 994 1008 1055 civilis
1031 994 1118 1054 libris

111 1085 215 1146 Sabini
230 1086 376 1161 tradatur,
395 1085 426 1144 id
445 1085 565 1162 quidem
584 1104 638 1162 pro
656 1089 834 1164 argumento
851 1103 911 1144 non
928 1084 1033 1159 habeo,
1052 1101 1118 1142 cum
1206 1101 1207 1105 ¹

109 1176 217 1235 horum
246 1173 392 1234 librorum
421 1175 602 1234 mentionem
628 1172 827 1234 Tribunianus
857 1191 945 1249 saepe
974 1171 1119 1232 delevisse

108 1264 257 1324 videntur.
290 1263 325 1324 de
349 1262 477 1341 singulis
496 1262 634 1322 dubitare
656 1263 736 1324 licet.
777 1282 847 1322 nam
869 1261 951 1340 'quod
972 1260 1120 1338 Ulpianus

109 1352 196 1412 libris
215 1351 252 1410 ad
272 1350 416 1411 Sabinum
433 1351 470 1411 D.
491 1353 542 1429 33,
558 1354 586 1424 9,
601 1354 630 1428 3,
646 1354 664 1411 7
689 1352 745 1411 ait:
765 1345 803 1412 ‘si
818 1369 877 1429 qna
890 1351 1030 1410 iumenta
1039 1349 1119 1428 agris

111 1438 319 1502 deserviebant
328 1440 376 1500 vel
385 1440 571 1517 locabantur,
581 1441 680 1518 legato
690 1459 749 1499 non
760 1441 862 1500 cedere
873 1439 985 1500 cibaria
994 1432 1119 1514 eornm’,

110 1529 187 1590 haec
219 1529 322 1588 verba.
337 1527 370 1598 Q.
394 1528 486 1587 Mucii
518 1545 581 1587 esse
613 1530 707 1602 recte,
738 1529 798 1588 nisi
828 1529 929 1604 fallor,
960 1530 1071 1605 putant
1102 1546 1120 1586 e

113 1617 224 1678 Sabino
243 1617 344 1676 allata.
382 1617 630 1694 quemadmodum
645 1615 774 1676 Sabinus
787 1617 878 1676 Mucii
896 1616 1032 1676 doctrina
1046 1634 1120 1676 usus

112 1707 161 1781 sit,
180 1705 364 1782 Papinianus
382 1705 477 1783 docet,
496 1723 564 1764 curn
583 1706 656 1765 haec
675 1706 718 1765 ait
737 1697 787 1785 (D.
807 1707 991 1784 45,1,115,
1011 1698 1059 1787 2);
1084 1699 1121 1764 ‘si

112 1795 181 1872 quis
209 1796 254 1854 ita
281 1795 456 1871 stipuletur:
485 1794 511 1852 si
538 1793 728 1870 Pamphilum
755 1812 815 1853 non
843 1793 973 1870 dederis,
1001 1797 1121 1853 centum

110 1883 178 1945 duri
202 1883 348 1960 spondes?
368 1930 374 1944 .
394 1929 401 1942 .
421 1929 426 1943 .
447 1881 575 1942 Sabinus
594 1926 602 1941 .
621 1929 627 1942 .
647 1927 656 1944 .
674 1882 865 1942 existimabat
883 1928 890 1942 .
909 1929 916 1944 .
935 1926 942 1940 .
961 1885 1122 1960 postquam

110 1975 201 2034 homo
228 1972 329 2048 potuit
356 1972 433 2049 dari,
465 1971 624 2031 confestim
651 1971 799 2050 egendum
823 1970 994 2047 ...idque
1021 1971 1121 2031 defen-

112 2063 205 2123 debat
228 2061 362 2136 exemplo
380 2078 475 2137 penus
493 2061 619 2139 legatae.
660 2060 776 2120 Mucius
795 2060 905 2120 etenim
923 2060 1071 2139 heredem,
1095 2055 1121 2120 si

113 2153 185 2211 dare
206 2149 356 2227 potuisset
377 2168 487 2226 penum
504 2168 559 2209 nec
578 2149 717 2228 dedisset,
740 2150 898 2209 confestim
915 2150 947 2208 in
965 2150 1122 2226 pecuniam

109 2241 243 2318 legatam
264 2239 360 2298 teneri
383 2231 521 2314 scripsit'.

201 2328 247 2387 Ua
269 2347 395 2406 quoque,
419 2346 493 2406 quae
515 2327 662 2404 Ulpianus
684 2326 770 2386 libris
794 2327 831 2386 ad
855 2326 999 2387 Sabinum
1016 2327 1053 2386 D.
1068 2328 1123 2404 33,

113 2421 143 2494 9,
163 2418 230 2493 3,9
255 2416 349 2475 tradit
377 2409 501 2498 (Ligna
528 2419 559 2475 et
588 2416 731 2476 curbones
763 2420 933 2494 ceteraque,
960 2436 1013 2492 per
1044 2433 1122 2493 quae

112 2523 208 2583 penus
232 2505 434 2579 conficeretur,
458 2522 497 2563 en
518 2504 622 2579 penori
644 2503 745 2580 legato
767 2503 983 2579 contineantur,
1006 2504 1122 2580 quaeri·

112 2599 174 2655 tur.
212 2597 243 2654 et
261 2593 389 2664 Quintus
408 2592 525 2652 Mucius
549 2594 580 2651 et
599 2589 704 2650 Ofilius
724 2595 924 2666 negaverunt:
948 2611 1007 2651 non
1026 2592 1122 2670 magis

112 2703 206 2762 quam
229 2682 334 2755 molae,
357 2680 507 2758 inquiunt,
530 2680 728 2740 continentur.
766 2679 845 2738 idem
868 2683 898 2738 et
921 2682 971 2738 tus
990 2682 1021 2739 et
1039 2698 1122 2739 ceras

113 2771 262 2834 contineri
288 2759 483 2848 negaver'unt.
524 2769 576 2829 sed
596 2767 728 2828 Rutilius
756 2771 787 2828 et
813 2767 897 2844 ligna
920 2771 950 2827 et
973 2766 1123 2844 carbones,

111 2880 191 2940 quae
213 2880 274 2921 non
292 2858 439 2920 vendendi
459 2876 550 2918 causa
567 2861 674 2935 parata
693 2861 772 2936 sunt,
795 2855 940 2917 contineri
958 2856 1010 2916 ait.
1051 2855 1123 2914 Sex-

112 2957 164 3012 tus
196 2953 297 3010 autem
330 2947 433 3008 Aelius
466 2948 557 3007 etiam
588 2951 638 3007 tue
670 2950 701 3006 et
733 2965 833 3006 cereos
864 2945 895 3005 in
927 2945 1124 3005 domesticum

114 3059 205 3100 usum
231 3041 354 3115 paratos
377 3036 523 3098 contineri
545 3036 645 3114 legato
669 3028 800 3114 scribit')
822 3035 885 3095 sine
909 3033 1001 3093 dubio
1024 3053 1039 3093 e
1060 3033 1122 3092 Ma·

113 3129 197 3190 surio
220 3127 318 3204 petita
341 3130 418 3187 sunt.
462 3144 534 3184 nam
560 3125 640 3201 apud
664 3123 795 3184 Gellium
819 3127 847 3198 4,
874 3127 901 3200 1,
927 3125 966 3183 22
991 3122 1017 3183 is
1039 3122 1123 3183 locus

113 3221 214 3278 exstat
242 3236 258 3277 e
286 3215 389 3275 Sabini
416 3215 494 3274 libro
521 3212 553 3271 Π
581 3213 613 3272 in
639 3215 729 3274 breve
761 3216 889 3274 coactus.
939 3229 994 3271 nec
1024 3212 1124 3272 minus

113 3325 250 3384 eaquae
277 3304 424 3380 Ulpianus
451 3302 488 3362 D.
517 3304 569 3379 47,
595 3303 622 3371 2,
647 3304 684 3361 21
716 3321 761 3380 pr.
788 3302 876 3361 effert
898 3293 1058 3383 (volgaris
1077 3304 1125 3360 est

71 3449 74 3455 ,
114 3395 266 3474 quaestiO,
294 3393 380 3452 anis
403 3392 455 3470 qui
478 3411 514 3450 ex
537 3409 641 3450 acervo
665 3391 808 3451 frumenti
831 3391 963 3450 modium
990 3390 1124 3468 sustulit,

114 3484 211 3546 totius
240 3483 284 3542 rei
310 3483 426 3542 furtum
453 3480 546 3542 faciat
573 3498 612 3538 en
638 3497 709 3541 vero
732 3480 796 3540 eius
819 3481 939 3541 tantum
966 3480 1045 3558 quod
1072 3479 1124 3539 ab·

113 3572 211 3634 stulit.
258 3569 364 3630 Ofilius
394 3570 489 3631 totius
521 3567 621 3630 acervi
652 3569 749 3630 furem
777 3588 840 3630 esse
868 3573 969 3648 putat,
996 3589 1066 3629 num
1094 3570 1125 3628 et
