2508 3896
159 166 224 231 496
265 167 299 220 Il.
323 165 392 220 ΤΙΒ.
416 165 491 220 GAII
514 163 642 220 GLAUD.
662 165 796 221 NERON.
816 162 922 219 ΤΕΜΡ.
940 163 1037 219 IUltlS
1062 165 1161 223 CONS.

249 329 301 393 88.
333 326 371 391 D.
387 328 438 408 17,
452 329 482 412 2,
499 328 549 412 16,
565 329 592 393 1.
638 327 798 412 Ulpianus
825 326 909 392 libro
935 325 1103 411 trigesimo
1126 328 1165 392 ad

161 416 315 482 Sabinum
339 415 387 502 (P.
402 412 528 502 anob).
552 416 682 493 -Qui
709 465 739 482 ..
767 416 939 500 paciscitur
966 437 1007 479 ne
1036 414 1166 501 dividat,

160 506 223 570 nisi
246 506 354 590 aliqua
377 506 461 569 iusta
484 527 580 570 causa
598 505 786 590 intercedat,
808 526 866 570 neo
885 504 1021 570 vendere
1041 506 1166 588 poterit,

159 615 200 658 ne
224 594 436 659 alteratione
460 594 593 679 efficiat,
615 598 652 659 ut
675 594 843 660 dividatur.

249 705 422 783 Sequuntur
448 707 533 766 haec:
562 699 627 766 ‘sed
651 725 721 766 sano
744 709 844 781 potest
867 705 938 781 dici,
964 705 1166 766 venditionem

79 870 82 876 Ι
161 794 280 872 quidem
303 814 362 855 non
380 795 526 870 impediri,
550 794 603 854 sed
621 796 824 873 exceptionem
843 794 985 855 adversus
1004 797 1166 871 emptorem

160 885 259 958 locum
280 885 398 959 habere,
421 883 447 942 si
470 889 540 942 anto
563 883 678 943 dividat
700 903 791 961 quam
814 883 960 942 divideret
983 883 1081 960 isqui
1099 903 1166 944 ven-

161 965 257 1034 didit'
293 973 415 1032 Pernice
429 973 445 1031 Ι
458 993 487 1049 p.
498 974 561 1033 483
581 972 706 1032 iudicat:
728 966 794 1031 ‘Dio
809 972 1038 1049 Anfangsworte
1057 972 1165 1032 rdbren

160 1063 293 1122 ollenbar
323 1080 382 1121 von
410 1060 538 1121 Sabinus
570 1062 637 1139 her,
669 1061 722 1120 dor
754 1079 843 1140 sogar
870 1062 928 1120 den
954 1061 1094 1120 Verlraul
1118 1061 1166 1120 des

159 1151 288 1210 idcellen
307 1149 441 1209 Anteiles
465 1169 503 1208 en
526 1149 579 1209 der
597 1149 911 1228 gemeinschaftlioben
930 1149 1023 1209 Sache
1042 1150 1166 1210 hindam

160 1234 243 1300 will?
280 1238 429 1299 consentit
447 1238 539 1297 Lenel
552 1240 573 1300 l.
587 1257 610 1299 o.
625 1259 653 1315 p.
670 1242 774 1318 62sq.‚
797 1239 848 1315 qui
870 1239 902 1298 in
919 1238 954 1298 P.
975 1238 1052 1298 nihil
1075 1243 1167 1300 notat

249 1340 313 1406 89?
332 1339 520 1422 D.17,2‚59
529 1363 576 1424 pr.
614 1341 810 1425 Pomponius
825 1340 908 1405 libro
924 1339 1114 1406 duodecimo
1129 1341 1166 1407 ad

161 1428 315 1495 Sabinum
329 1427 378 1513 (P.
389 1427 477 1513 577).
494 1465 531 1475 —
549 1429 638 1493 Adeo
658 1432 762 1493 morte
779 1429 859 1494 socii
873 1429 1008 1494 solvitur
1023 1429 1168 1512 societas,

160 1523 197 1583 ut
219 1539 277 1583 nec
301 1516 341 1582 ab
364 1516 459 1582 initio
482 1518 601 1601 pacisci
620 1517 790 1603 possimus,
813 1521 849 1582 ut
867 1517 961 1582 heres
981 1517 1081 1585 etiam
1100 1540 1166 1584 suc-

159 1606 252 1672 cedat
274 1605 432 1671 societati.

247 1709 330 1769 Haec
361 1711 540 1786 sequnntur:
573 1703 659 1769 ‘haec
690 1709 735 1768 ita
760 1709 792 1768 in
818 1709 945 1786 privatis
973 1709 1167 1769 societatibus

159 1799 216 1876 ait3
244 1799 275 1856 in
298 1799 440 1858 societate
462 1797 657 1876 vectigalium
679 1797 774 1858 nihilo
797 1798 896 1858 minus
917 1801 1020 1858 manet
1042 1799 1168 1859 societas

161 1897 192 1948 et
209 1891 279 1964 post
294 1889 421 1946 mortem
436 1887 573 1964 alicuius,
592 1886 644 1946 sed
657 1887 701 1946 ita
714 1881 845 1946 demum'
861 1889 892 1946 et
906 1908 933 1964 q.
948 1906 970 1946 s.
1002 1887 1169 1947 Mommsen

162 1977 252 2037 scribi
279 1976 375 2035 iubet:
403 1969 622 2051 ‘societatibns3
650 1979 688 2035 at
714 1969 765 2036 in’.
815 1978 918 2036 contra
945 1976 1037 2036 Lenel
1064 1996 1092 2053 p.
1115 1979 1168 2038 63:

161 2058 276 2140 ‘Pomp
301 2107 329 2122 ..
353 2064 454 2123 citiert
474 2064 531 2123 den
550 2063 676 2123 Sabinus
696 2057 848 2124 deutlioh'.
885 2065 916 2124 in
934 2065 966 2126 P.
986 2065 1024 2124 ed
1042 2066 1170 2127 verbnm

162 2145 227 2212 ‘ait'
255 2151 335 2210 idem
362 2152 408 2210 vir
435 2151 626 2211 doctissimus
654 2156 753 2213 notat:
783 2147 936 2231 ‘Sabinus
963 2155 999 2212 ut
1026 2147 1169 2230 videtur',

161 2259 215 2300 nec
243 2243 344 2300 tamen
370 2239 463 2300 verba
488 2240 521 2299 in
544 2239 648 2299 Sabini
674 2242 910 2320 fragmentorum
937 2261 1095 2303 numerum
1119 2243 1169 2303 ad·

161 2329 265 2388 mittit.

249 2421 314 2486 90?
333 2411 372 2486 D.
385 2422 425 2486 17
427 2473 435 2504 ‚
444 2424 475 2506 2,
483 2422 536 2488 45.
571 2421 661 2488 Idem
676 2420 863 2509 (Ulpianus)
879 2423 961 2490 libro
975 2423 1170 2509 trigensimo

163 2511 202 2576 ad
223 2508 377 2577 Sabinum
395 2506 445 2597 (P.
460 2507 585 2600 run).
607 2547 643 2558 —
665 2511 726 2577 Rei
749 2512 928 2578 communis
947 2514 1077 2578 nomine
1096 2535 1172 2578 cum

163 2601 249 2667 socio
277 2599 355 2664 furti
384 2600 438 2685 agi
465 2605 587 2686 potest,
614 2601 642 2667 si
670 2623 728 2684 per
755 2600 917 2666 fallaciam
945 2601 1059 2666 dolove
1083 2603 1172 2666 malo

163 2691 284 2755 amovit
307 2687 372 2774 [vel
391 2711 459 2754 rom
478 2712 680 2755 communem
700 2689 823 2755 celandi
842 2690 950 2755 animo
969 2691 1175 2776 contrectet}

249 2802 334 2862 Hanc
357 2820 476 2879 quoquo
500 2803 679 2862 sententiam
696 2801 790 2861 Lenel
811 2802 831 2862 l.
846 2821 870 2862 o.
884 2823 912 2880 p.
929 2803 970 2862 63
990 2801 1101 2862 Sabino
1127 2808 1174 2863 at-

160 2890 351 2951 tribuendam
374 2891 491 2950 conicit.

250 2993 303 3057 91.
331 2991 368 3056 D.
386 2993 436 3072 17,
450 2992 481 3074 2,
495 2991 594 3075 38pr.
636 2990 753 3056 Paulus
782 2992 864 3057 libro
893 2995 983 3058 sexto
1012 2993 1053 3057 ad
1077 2991 1176 3060 Sabi·

162 3103 239 3145 num
263 3078 311 3167 (P.
328 3080 438 3164 1734).
460 3115 504 3125 -
521 3080 584 3144 Pro
609 3079 697 3144 socio
721 3081 842 3145 arbiter
865 3083 1048 3165 prospicere
1073 3083 1176 3148 debet

103 3171 108 3184 '
161 3168 365 3234 cantionibus
398 3169 432 3232 in
463 3168 571 3233 futuro
602 3168 718 3233 damno
748 3169 797 3233 vel
826 3170 913 3235 lucro
941 3171 1102 3254 pendente
1133 3195 1175 3238 ex

163 3279 201 3322 oa
233 3257 395 3321 societate.
445 3258 528 3339 quod
557 3255 695 3322 Sabinus
723 3258 757 3322 in
785 3259 934 3323 omnibus
962 3260 1068 3326 bonae
1095 3261 1176 3327 fidei

162 3344 289 3409 iudiciis
321 3345 520 3409 existimavit
550 3343 867 3430 <observandum?>,
905 3347 972 3413 sive
1005 3351 1177 3435 generalia

163 3436 253 3517 sunt,
278 3433 380 3497 veluti
401 3454 460 3517 pro
485 3433 586 3516 socio,
608 3433 810 3519 negotiorum
833 3439 1013 3521 gestorum,
1036 3440 1177 3520 tutelae,

164 3518 229 3582 sive
252 3519 415 3602 specialia,
439 3520 540 3585 veluti
563 3521 721 3605 mandati,
744 3523 952 3609 commodati,
975 3527 1129 3613 depositi.
