2568 3890
402 164 425 212 7.
449 157 486 212 M.
504 156 694 214 ANTISTIUS
713 157 832 214 LABEO
1058 158 1122 222 247

109 328 174 388 nisi
205 327 259 386 illo
290 327 356 386 loeo
388 343 536 404 nusquam
568 325 647 385 nude
674 325 787 385 Paulus
819 327 969 389 laudatur.
1020 328 1123 406 itaque

112 437 182 476 aum
214 415 256 475 ibi
288 415 461 475 Triboniani
493 432 598 473 manus
631 414 813 490 deprehendi
843 415 994 494 rideatur,
1028 416 1122 477 Paulo

43 575 45 578 y
113 503 282 565 auditorem
319 505 449 580 aliquem
482 501 629 562 Labeonis
661 504 754 574 verba
791 505 979 580 proposuisse
1012 505 1119 583 iudico,

113 597 148 653 ut
180 593 217 653 de
244 592 392 653 Labeonis
425 609 568 668 responso
597 591 742 650 iudiuium
770 592 875 666 ferret,
908 593 1123 654 'Pribonianum

115 686 216 743 autem
235 682 287 760 qui
304 681 452 742 Labeonis
470 698 646 756 responsum
666 699 732 740 eum
747 679 867 740 Paulini
885 683 1018 757 responsi
1036 685 1122 758 parts

114 774 145 831 et
166 790 239 832 roae
262 764 427 847 ‘respondi'
450 769 622 842 delevisset,
645 768 732 828 Pauli
755 787 862 828 nomen
885 770 1053 831 inseruisse.

454 1000 501 1060 De
518 1003 646 1074 pauno
667 1002 785 1060 eredita.

14 1183 15 1198 ,
204 1119 278 1184 126.
314 1119 353 1183 D.
371 1119 424 1202 46,
444 1119 474 1203 3,
495 1119 544 1184 19.
598 1119 796 1202 Pomponius
829 1119 913 1184 libro
946 1119 1122 1186 vicensimo

14 1219 15 1224 ’
114 1208 219 1292 primo
243 1207 283 1270 ad
307 1205 461 1274 Sabinum
486 1206 536 1292 (P.
551 1204 639 1295 686).
665 1244 702 1254 -
728 1206 901 1292 Fugitivus
925 1230 1026 1292 meus,
1050 1230 1122 1273 oum

14 1355 24 1383 .-
115 1318 175 1380 pro
199 1296 301 1360 libero
321 1318 354 1360 se
374 1304 508 1382 gereret,
531 1319 681 1361 nummos
699 1297 781 1360 mihi
800 1297 970 1381 subreptos
990 1296 1123 1362 eredidit
1211 1315 1213 1318 ·

14 1389 16 1402 “
112 1385 188 1449 tibi:
217 1385 359 1468 obligari
385 1392 418 1450 te
447 1385 527 1450 mihi
549 1384 657 1450 Labeo
687 1385 732 1450 ait
760 1390 806 1469 et,
834 1385 862 1448 si
890 1407 962 1450 eum
984 1387 1122 1450 liberum

113 1474 303 1538 existimans
332 1474 464 1539 solveris
493 1475 535 1557 ei,
566 1474 700 1538 liberari
727 1479 759 1538 te
788 1497 807 1538 a
835 1496 898 1557 me3
928 1475 981 1539 sed
1010 1474 1038 1538 si
1066 1476 1122 1539 alii

116 1562 265 1626 solvisses
284 1564 375 1628 iussu
394 1564 462 1626 eius
477 1563 529 1626 vel
543 1563 571 1627 is
584 1567 692 1627 ratum
706 1562 883 1646 habuisset,
900 1585 966 1628 non
981 1563 1123 1648 liberari,

42 1711 43 1716 ,
115 1651 191 1734 quia
223 1651 331 1734 priore
364 1673 440 1716 casu
472 1653 535 1716 mei
558 1651 691 1715 'nummi
723 1650 802 1715 faeti
834 1655 942 1716 essent
970 1657 1002 1716 et
1030 1654 1123 1737 quasi

113 1739 193 1803 mihi
216 1740 358 1804 solutum
380 1740 629 1824 intellegeretur.

204 1829 276 1893 127.
319 1828 357 1893 D.
381 1830 433 1914 22,
456 1830 487 1913 2,
508 1829 537 1892 2.
592 1829 790 1914 Pomponius
827 1829 911 1894 libro
948 1829 1045 1894 tertio
1082 1851 1121 1894 ex

113 1916 241 1982 Plautio
261 1914 310 2004 (P.
324 1918 414 2004 335).
429 1955 469 1964 -
486 1917 592 1982 Labeo
612 1917 667 2000 ait,
686 1918 713 1982 si
732 1938 827 1982 nemo
847 1918 899 2000 sit,
919 1919 973 2004 qui
993 1922 1121 2002 aparte

114 2006 318 2090 promissoris
337 2007 535 2091 interpellari
557 2007 754 2072 traiectieiae
777 2007 932 2090 pecuniae
951 2009 1065 2091 possit,
1088 2008 1121 2072 id

113 2096 217 2178 ipsum
242 2096 416 2160 testatione
440 2096 608 2180 eompleeti
632 2097 756 2174 debere,
778 2099 816 2159 ut
835 2118 895 2181 pro
914 2097 1070 2180 petitione
1088 2097 1121 2161 id

113 2185 247 2248 eederet.

417 2332 464 2390 De
486 2334 625 2406 empb'one
647 2334 814 2392 venditione.

463 2447 611 2503 Generalis
630 2449 770 2517 quaedam.

202 2557 274 2622 128.
312 2555 430 2638 Gaia,
451 2557 522 2620 140.
557 2593 595 2603 -
629 2554 773 2619 Pretium
891 2560 1012 2622 eertum
1050 2579 1119 2622 esse

113 2645 220 2730 debet3
248 2641 326 2709 nam
353 2642 498 2729 alioquin
528 2646 554 2708 si
583 2645 630 2707 ita
656 2645 742 2708 inter
768 2665 829 2708 nos
858 2645 1057 2730 convenerit,
1084 2650 1120 2709 ut

114 2735 226 2818 quanti
245 2733 351 2798 Titius
370 2754 439 2797 rem
459 2733 691 2812 aestimaverit,
715 2733 799 2797 tanti
819 2731 861 2796 rit
876 2738 993 2816 empta,
1011 2732 1118 2798 Labeo

112 2823 243 2908 negavit
266 2823 368 2887 ullam
391 2821 456 2887 vim
480 2822 542 2888 hoo
565 2823 732 2908 negotium
756 2821 884 2886 habere.

201 2912 273 2976 129.
306 2910 345 2976 D.
362 2911 413 2995 19,
429 2911 457 2994 1,
474 2913 524 2994 13,
538 2912 591 2977 23.
635 2909 795 2995 Ulpianus
818 2911 901 2976 libro
929 2909 1119 2993 trigensimo

113 3001 250 3065 seeundo
284 3002 322 3065 ad
356 3001 496 3065 edietum
524 2998 572 3087 (P.
592 2997 682 3088 935).
710 3037 752 3046 —
872 3000 898 3064 si
927 2999 1120 3083 convenerit,
1229 3059 1231 3063 .

114 3109 184 3152 oum
212 3111 263 3154 res
292 3090 430 3171 veniret,
458 3093 494 3153 ut
522 3089 665 3174 loeuples
689 3091 730 3154 ab
755 3095 898 3175 emptore
921 3109 994 3152 reus
1019 3087 1119 3169 detur,

112 3197 149 3242 ex
172 3178 304 3242 vendito
328 3177 382 3263 agi
404 3199 513 3262 posse,
536 3182 572 3242 ut
595 3177 627 3241 id
650 3179 716 3243 fiat.

198 3307 370 3367 Labeonem
393 3307 476 3386 loqui
500 3305 575 3380 §22
601 3306 695 3366 docet.
732 3308 769 3368 of.
792 3308 871 3367 infra
893 3327 921 3368 n.
943 3309 1015 3366 141.

201 3426 273 3492 130.
306 3426 345 3492 D.
366 3427 416 3510 18,
435 3427 464 3510 6,
486 3427 534 3492 18.
585 3424 784 3508 Pomponius
816 3426 897 3490 libro
930 3427 1119 3508 trigensimo

111 3513 215 3599 primo
239 3516 279 3579 ad
299 3513 454 3591 Quintum
473 3514 615 3579 Mucium
635 3510 685 3602 (P.
701 3511 789 3599 307).
812 3549 848 3559 —
871 3563 922 3578 ...
941 3513 1047 3580 Labeo
1068 3566 1119 3580 ...
