<?xml version="1.0" encoding="UTF-8"?>
<!DOCTYPE html PUBLIC "-//W3C//DTD XHTML 1.0 Transitional//EN"
    "http://www.w3.org/TR/xhtml1/DTD/xhtml1-transitional.dtd">
<html xmlns="http://www.w3.org/1999/xhtml" xml:lang="en" lang="en">
 <head>
  <title>
</title>
<meta http-equiv="Content-Type" content="text/html;charset=utf-8" />
  <meta name='ocr-system' content='tesseract 3.04.00' />
  <meta name='ocr-capabilities' content='ocr_page ocr_carea ocr_par ocr_line ocrx_word'/>
</head>
<body>
  <div class='ocr_page' id='page_1' title='image "./iurisprudentiae04bremgoog_0447.png"; bbox 0 0 2512 3888; ppageno 0'>
   <div class='ocr_carea' id='block_1_1' title="bbox 407 177 1111 245">
    <p class='ocr_par' dir='ltr' id='par_1_1' title="bbox 407 177 1111 245">
     <span class='ocr_line' id='line_1_1' title="bbox 407 177 1111 245; baseline 0.018 -13"><span class='ocrx_word' id='word_1_1' title='bbox 407 183 432 232; x_wconf 77' lang='grc'><strong>8.</strong></span> <span class='ocrx_word' id='word_1_2' title='bbox 455 177 636 232; x_wconf 79' lang='lat' dir='ltr'><strong>MASURIUS</strong></span> <span class='ocrx_word' id='word_1_3' title='bbox 655 179 807 236; x_wconf 79' lang='lat' dir='ltr'><strong>SABINUS</strong></span> <span class='ocrx_word' id='word_1_4' title='bbox 1044 180 1111 245; x_wconf 83' lang='lat'><strong>459</strong></span> 
     </span>
    </p>
   </div>
   <div class='ocr_carea' id='block_1_2' title="bbox 102 345 1113 2268">
    <p class='ocr_par' dir='ltr' id='par_1_2' title="bbox 105 345 1112 602">
     <span class='ocr_line' id='line_1_2' title="bbox 192 345 1112 425; baseline 0.007 -22"><span class='ocrx_word' id='word_1_5' title='bbox 192 345 476 405; x_wconf 78' lang='lat' dir='ltr'><strong>Iurisconsultorum</strong></span> <span class='ocrx_word' id='word_1_6' title='bbox 507 347 572 404; x_wconf 86' lang='lat' dir='ltr'><strong>erat</strong></span> <span class='ocrx_word' id='word_1_7' title='bbox 603 348 749 425; x_wconf 88' lang='lat' dir='ltr'><strong>statuere,</strong></span> <span class='ocrx_word' id='word_1_8' title='bbox 780 348 927 422; x_wconf 89' lang='lat' dir='ltr'><strong>quomodo</strong></span> <span class='ocrx_word' id='word_1_9' title='bbox 954 351 1053 408; x_wconf 87' lang='lat' dir='ltr'><strong>vastes</strong></span> <span class='ocrx_word' id='word_1_10' title='bbox 1081 353 1112 408; x_wconf 89' lang='lat' dir='ltr'><strong>et</strong></span> 
     </span>
     <span class='ocr_line' id='line_1_3' title="bbox 107 434 1111 511; baseline 0.004 -17"><span class='ocrx_word' id='word_1_11' title='bbox 107 437 284 494; x_wconf 86' lang='lat' dir='ltr'><strong>ornamenta</strong></span> <span class='ocrx_word' id='word_1_12' title='bbox 305 435 384 495; x_wconf 89' lang='lat' dir='ltr'><strong>inter</strong></span> <span class='ocrx_word' id='word_1_13' title='bbox 406 452 437 493; x_wconf 91' lang='lat' dir='ltr'><strong>se</strong></span> <span class='ocrx_word' id='word_1_14' title='bbox 460 434 654 494; x_wconf 77' lang='lat' dir='ltr'><strong>discernende</strong></span> <span class='ocrx_word' id='word_1_15' title='bbox 677 435 744 495; x_wconf 90' lang='lat' dir='ltr'><strong>sint.</strong></span> <span class='ocrx_word' id='word_1_16' title='bbox 786 455 844 511; x_wconf 92' lang='lat' dir='ltr'><strong>qua</strong></span> <span class='ocrx_word' id='word_1_17' title='bbox 864 437 900 495; x_wconf 89' lang='lat' dir='ltr'><strong>de</strong></span> <span class='ocrx_word' id='word_1_18' title='bbox 919 457 950 496; x_wconf 88' lang='lat' dir='ltr'><strong>re</strong></span> <span class='ocrx_word' id='word_1_19' title='bbox 973 439 1005 496; x_wconf 94' lang='lat' dir='ltr'><strong>in</strong></span> <span class='ocrx_word' id='word_1_20' title='bbox 1026 437 1111 500; x_wconf 85' lang='lat' dir='ltr'><strong>libris</strong></span> 
     </span>
     <span class='ocr_line' id='line_1_4' title="bbox 105 519 1035 602; baseline 0.002 -19"><span class='ocrx_word' id='word_1_21' title='bbox 105 523 144 584; x_wconf 90' lang='lat' dir='ltr'><strong>ad</strong></span> <span class='ocrx_word' id='word_1_22' title='bbox 167 522 311 582; x_wconf 79' lang='lat' dir='ltr'><strong>Sabinum</strong></span> <span class='ocrx_word' id='word_1_23' title='bbox 334 523 471 582; x_wconf 86' lang='lat' dir='ltr'><strong>dixerunt</strong></span> <span class='ocrx_word' id='word_1_24' title='bbox 493 522 606 582; x_wconf 87' lang='lat' dir='ltr'><strong>Paulus</strong></span> <span class='ocrx_word' id='word_1_25' title='bbox 632 525 731 602; x_wconf 87' lang='grc'>1834,</span> <span class='ocrx_word' id='word_1_26' title='bbox 754 522 901 600; x_wconf 78' lang='lat' dir='ltr'><strong>Ulpianus</strong></span> <span class='ocrx_word' id='word_1_27' title='bbox 925 519 1035 586; x_wconf 72' lang='lat' dir='ltr'><strong>2913b.</strong></span> 
     </span>
    </p>

    <p class='ocr_par' dir='ltr' id='par_1_3' title="bbox 102 611 1113 1844">
     <span class='ocr_line' id='line_1_5' title="bbox 195 611 1112 690; baseline 0.005 -20"><span class='ocrx_word' id='word_1_28' title='bbox 195 611 297 671; x_wconf 87' lang='lat' dir='ltr'><strong>Sabini</strong></span> <span class='ocrx_word' id='word_1_29' title='bbox 333 611 497 671; x_wconf 88' lang='lat' dir='ltr'><strong>sententiae</strong></span> <span class='ocrx_word' id='word_1_30' title='bbox 533 612 591 671; x_wconf 88' lang='lat' dir='ltr'><strong>huo</strong></span> <span class='ocrx_word' id='word_1_31' title='bbox 623 615 791 687; x_wconf 80' lang='lat' dir='ltr'><strong>spectantes</strong></span> <span class='ocrx_word' id='word_1_32' title='bbox 823 632 918 690; x_wconf 90' lang='grc'>66666</span> <span class='ocrx_word' id='word_1_33' title='bbox 950 615 1112 675; x_wconf 88' lang='lat' dir='ltr'><strong>traduntur</strong></span> 
     </span>
     <span class='ocr_line' id='line_1_6' title="bbox 104 699 1110 779; baseline 0.004 -19"><span class='ocrx_word' id='word_1_34' title='bbox 104 719 200 779; x_wconf 90' lang='lat' dir='ltr'><strong>neque</strong></span> <span class='ocrx_word' id='word_1_35' title='bbox 233 701 402 760; x_wconf 81' lang='lat' dir='ltr'><strong>coniectura</strong></span> <span class='ocrx_word' id='word_1_36' title='bbox 434 699 507 759; x_wconf 89' lang='lat' dir='ltr'><strong>satis</strong></span> <span class='ocrx_word' id='word_1_37' title='bbox 539 704 621 760; x_wconf 82' lang='lat' dir='ltr'><strong>cento</strong></span> <span class='ocrx_word' id='word_1_38' title='bbox 651 701 773 760; x_wconf 89' lang='lat' dir='ltr'><strong>restitui</strong></span> <span class='ocrx_word' id='word_1_39' title='bbox 800 706 932 777; x_wconf 89' lang='lat' dir='ltr'><strong>possunt.</strong></span> <span class='ocrx_word' id='word_1_40' title='bbox 982 704 1110 764; x_wconf 85' lang='lat' dir='ltr'><strong>fortasse</strong></span> 
     </span>
     <span class='ocr_line' id='line_1_7' title="bbox 104 784 1110 866; baseline 0.002 -17"><span class='ocrx_word' id='word_1_41' title='bbox 104 787 187 849; x_wconf 90' lang='lat' dir='ltr'>Ofilii</span> <span class='ocrx_word' id='word_1_42' title='bbox 208 789 484 866; x_wconf 73' lang='lat' dir='ltr'><strong>interpretationem</strong></span> <span class='ocrx_word' id='word_1_43' title='bbox 512 791 632 849; x_wconf 78' lang='lat' dir='ltr'><strong>secutus</strong></span> <span class='ocrx_word' id='word_1_44' title='bbox 656 793 703 848; x_wconf 90' lang='lat' dir='ltr'><strong>est</strong></span> <span class='ocrx_word' id='word_1_45' title='bbox 732 784 858 866; x_wconf 76' lang='lat' dir='ltr'><strong>‘togam&#39;</strong></span> <span class='ocrx_word' id='word_1_46' title='bbox 881 791 918 850; x_wconf 90' lang='lat' dir='ltr'><strong>ab</strong></span> <span class='ocrx_word' id='word_1_47' title='bbox 942 809 977 849; x_wconf 92' lang='lat' dir='ltr'><strong>eo</strong></span> <span class='ocrx_word' id='word_1_48' title='bbox 1000 791 1110 852; x_wconf 85' lang='lat' dir='ltr'><strong>dietam</strong></span> 
     </span>
     <span class='ocr_line' id='line_1_8' title="bbox 105 871 1109 958; baseline 0.003 -20"><span class='ocrx_word' id='word_1_49' title='bbox 105 896 168 938; x_wconf 88' lang='lat' dir='ltr'><strong>esse</strong></span> <span class='ocrx_word' id='word_1_50' title='bbox 205 877 422 953; x_wconf 80' lang='lat' dir='ltr'><strong>contendentis,</strong></span> <span class='ocrx_word' id='word_1_51' title='bbox 460 871 552 955; x_wconf 75' lang='lat' dir='ltr'><strong>‘quod</strong></span> <span class='ocrx_word' id='word_1_52' title='bbox 583 895 618 936; x_wconf 87' lang='lat' dir='ltr'><strong>ee</strong></span> <span class='ocrx_word' id='word_1_53' title='bbox 648 873 801 954; x_wconf 85' lang='lat' dir='ltr'><strong>tegamnr&#39;</strong></span> <span class='ocrx_word' id='word_1_54' title='bbox 835 873 884 958; x_wconf 91' lang='lat' dir='ltr'><strong>(D.</strong></span> <span class='ocrx_word' id='word_1_55' title='bbox 905 881 956 956; x_wconf 98' lang='grc'>50,</span> <span class='ocrx_word' id='word_1_56' title='bbox 977 882 1027 957; x_wconf 96' lang='grc'><strong>16,</strong></span> <span class='ocrx_word' id='word_1_57' title='bbox 1048 883 1109 941; x_wconf 88' lang='grc'><strong>158</strong></span> 
     </span>
     <span class='ocr_line' id='line_1_9' title="bbox 104 960 1110 1045; baseline 0.003 -19"><span class='ocrx_word' id='word_1_58' title='bbox 104 967 165 1043; x_wconf 94' lang='lat' dir='ltr'><strong>Ip.</strong></span> <span class='ocrx_word' id='word_1_59' title='bbox 186 960 272 1045; x_wconf 85' lang='grc'>855).</span> <span class='ocrx_word' id='word_1_60' title='bbox 323 972 403 1026; x_wconf 88' lang='lat' dir='ltr'><strong>oerte</strong></span> <span class='ocrx_word' id='word_1_61' title='bbox 435 967 520 1026; x_wconf 89' lang='lat' dir='ltr'><strong>libris</strong></span> <span class='ocrx_word' id='word_1_62' title='bbox 550 967 588 1024; x_wconf 92' lang='lat' dir='ltr'><strong>ad</strong></span> <span class='ocrx_word' id='word_1_63' title='bbox 616 965 759 1025; x_wconf 81' lang='lat' dir='ltr'><strong>Sabinum</strong></span> <span class='ocrx_word' id='word_1_64' title='bbox 786 967 967 1044; x_wconf 85' lang='lat' dir='ltr'><strong>Pomponius</strong></span> <span class='ocrx_word' id='word_1_65' title='bbox 994 968 1026 1028; x_wconf 92' lang='lat' dir='ltr'><strong>P.</strong></span> <span class='ocrx_word' id='word_1_66' title='bbox 1048 971 1110 1029; x_wconf 83' lang='lat'><strong>153</strong></span> 
     </span>
     <span class='ocr_line' id='line_1_10' title="bbox 105 1055 1112 1134; baseline 0 -19"><span class='ocrx_word' id='word_1_67' title='bbox 105 1055 230 1115; x_wconf 87' lang='lat' dir='ltr'><strong>eandem</strong></span> <span class='ocrx_word' id='word_1_68' title='bbox 262 1055 361 1132; x_wconf 83' lang='lat' dir='ltr'><strong>affert,</strong></span> <span class='ocrx_word' id='word_1_69' title='bbox 395 1058 426 1114; x_wconf 91' lang='lat' dir='ltr'><strong>et</strong></span> <span class='ocrx_word' id='word_1_70' title='bbox 451 1055 562 1115; x_wconf 87' lang='lat' dir='ltr'><strong>Paulus</strong></span> <span class='ocrx_word' id='word_1_71' title='bbox 592 1055 721 1115; x_wconf 86' lang='lat' dir='ltr'><strong>vestium</strong></span> <span class='ocrx_word' id='word_1_72' title='bbox 749 1059 890 1116; x_wconf 87' lang='lat' dir='ltr'><strong>naturam</strong></span> <span class='ocrx_word' id='word_1_73' title='bbox 918 1075 982 1116; x_wconf 90' lang='lat' dir='ltr'><strong>esse</strong></span> <span class='ocrx_word' id='word_1_74' title='bbox 1010 1057 1112 1134; x_wconf 80' lang='lat' dir='ltr'><strong>tradit,</strong></span> 
     </span>
     <span class='ocr_line' id='line_1_11' title="bbox 104 1137 1113 1224; baseline 0 -19"><span class='ocrx_word' id='word_1_75' title='bbox 104 1139 196 1222; x_wconf 74' lang='lat' dir='ltr'><strong>‘quod</strong></span> <span class='ocrx_word' id='word_1_76' title='bbox 214 1162 321 1220; x_wconf 87' lang='lat' dir='ltr'><strong>eorpus</strong></span> <span class='ocrx_word' id='word_1_77' title='bbox 339 1137 456 1222; x_wconf 81' lang='lat' dir='ltr'><strong>tegant&#39;</strong></span> <span class='ocrx_word' id='word_1_78' title='bbox 481 1140 579 1224; x_wconf 82' lang='lat' dir='ltr'><strong>(Paul.</strong></span> <span class='ocrx_word' id='word_1_79' title='bbox 595 1137 707 1224; x_wconf 86' lang='grc'>1834);</span> <span class='ocrx_word' id='word_1_80' title='bbox 735 1145 930 1205; x_wconf 87' lang='lat' dir='ltr'><strong>nihilominus</strong></span> <span class='ocrx_word' id='word_1_81' title='bbox 953 1145 1058 1204; x_wconf 88' lang='lat' dir='ltr'><strong>mitras</strong></span> <span class='ocrx_word' id='word_1_82' title='bbox 1082 1151 1113 1205; x_wconf 89' lang='lat' dir='ltr'><strong>et</strong></span> 
     </span>
     <span class='ocr_line' id='line_1_12' title="bbox 102 1226 1112 1312; baseline -0.001 -19"><span class='ocrx_word' id='word_1_83' title='bbox 102 1234 293 1309; x_wconf 84' lang='lat' dir='ltr'><strong>anademata,</strong></span> <span class='ocrx_word' id='word_1_84' title='bbox 336 1226 482 1309; x_wconf 77' lang='lat' dir='ltr'><strong>‘quamvis</strong></span> <span class='ocrx_word' id='word_1_85' title='bbox 523 1250 629 1308; x_wconf 87' lang='lat' dir='ltr'><strong>eorpus</strong></span> <span class='ocrx_word' id='word_1_86' title='bbox 665 1238 784 1312; x_wconf 81' lang='lat' dir='ltr'><strong>tegant,</strong></span> <span class='ocrx_word' id='word_1_87' title='bbox 819 1238 921 1294; x_wconf 87' lang='lat' dir='ltr'><strong>tamen</strong></span> <span class='ocrx_word' id='word_1_88' title='bbox 958 1253 1112 1295; x_wconf 90' lang='lat' dir='ltr'><strong>ornamen-</strong></span> 
     </span>
     <span class='ocr_line' id='line_1_13' title="bbox 105 1313 1112 1400; baseline 0.003 -20"><span class='ocrx_word' id='word_1_89' title='bbox 105 1324 213 1398; x_wconf 84' lang='lat' dir='ltr'><strong>torum,</strong></span> <span class='ocrx_word' id='word_1_90' title='bbox 232 1340 291 1380; x_wconf 91' lang='lat' dir='ltr'><strong>non</strong></span> <span class='ocrx_word' id='word_1_91' title='bbox 310 1321 401 1382; x_wconf 85' lang='lat' dir='ltr'><strong>vestis</strong></span> <span class='ocrx_word' id='word_1_92' title='bbox 421 1313 497 1380; x_wconf 87' lang='lat' dir='ltr'><strong>esse&#39;</strong></span> <span class='ocrx_word' id='word_1_93' title='bbox 515 1323 612 1396; x_wconf 88' lang='lat' dir='ltr'><strong>putat.</strong></span> <span class='ocrx_word' id='word_1_94' title='bbox 648 1340 702 1381; x_wconf 89' lang='lat' dir='ltr'><strong>nee</strong></span> <span class='ocrx_word' id='word_1_95' title='bbox 720 1323 819 1383; x_wconf 87' lang='lat' dir='ltr'><strong>minus</strong></span> <span class='ocrx_word' id='word_1_96' title='bbox 836 1322 986 1400; x_wconf 86' lang='lat' dir='ltr'><strong>Ulpianus</strong></span> <span class='ocrx_word' id='word_1_97' title='bbox 1004 1323 1112 1383; x_wconf 85' lang='lat' dir='ltr'><strong>fascias</strong></span> 
     </span>
     <span class='ocr_line' id='line_1_14' title="bbox 106 1404 1113 1488; baseline 0 -18"><span class='ocrx_word' id='word_1_98' title='bbox 106 1409 239 1470; x_wconf 79' lang='lat' dir='ltr'><strong>crurales</strong></span> <span class='ocrx_word' id='word_1_99' title='bbox 261 1408 443 1486; x_wconf 85' lang='lat' dir='ltr'><strong>pedulesque</strong></span> <span class='ocrx_word' id='word_1_100' title='bbox 466 1413 497 1469; x_wconf 92' lang='lat' dir='ltr'><strong>et</strong></span> <span class='ocrx_word' id='word_1_101' title='bbox 519 1409 625 1485; x_wconf 89' lang='lat' dir='ltr'><strong>inpilia</strong></span> <span class='ocrx_word' id='word_1_102' title='bbox 644 1404 760 1471; x_wconf 70' lang='lat' dir='ltr'><strong>‘restis&#39;</strong></span> <span class='ocrx_word' id='word_1_103' title='bbox 779 1412 844 1472; x_wconf 84' lang='lat' dir='ltr'><strong>loeo</strong></span> <span class='ocrx_word' id='word_1_104' title='bbox 868 1431 932 1472; x_wconf 91' lang='lat' dir='ltr'><strong>esse</strong></span> <span class='ocrx_word' id='word_1_105' title='bbox 956 1411 1007 1485; x_wconf 86' lang='lat' dir='ltr'><strong>ait,</strong></span> <span class='ocrx_word' id='word_1_106' title='bbox 1030 1404 1113 1488; x_wconf 79' lang='lat' dir='ltr'><strong>‘quia</strong></span> 
     </span>
     <span class='ocr_line' id='line_1_15' title="bbox 104 1490 1112 1581; baseline 0.004 -25"><span class='ocrx_word' id='word_1_107' title='bbox 104 1501 221 1574; x_wconf 88' lang='lat' dir='ltr'><strong>partem</strong></span> <span class='ocrx_word' id='word_1_108' title='bbox 257 1498 388 1574; x_wconf 86' lang='lat' dir='ltr'><strong>eorporis</strong></span> <span class='ocrx_word' id='word_1_109' title='bbox 424 1493 566 1558; x_wconf 83' lang='lat' dir='ltr'><strong>vestiunt&#39;</strong></span> <span class='ocrx_word' id='word_1_110' title='bbox 599 1490 645 1576; x_wconf 86' lang='lat' dir='ltr'><strong>(P.</strong></span> <span class='ocrx_word' id='word_1_111' title='bbox 664 1491 786 1581; x_wconf 66' lang='lat' dir='ltr'><strong>2913b)</strong></span> <span class='ocrx_word' id='word_1_112' title='bbox 818 1503 850 1559; x_wconf 89' lang='lat' dir='ltr'><strong>et</strong></span> <span class='ocrx_word' id='word_1_113' title='bbox 881 1500 991 1576; x_wconf 81' lang='lat' dir='ltr'><strong>eapitis</strong></span> <span class='ocrx_word' id='word_1_114' title='bbox 1022 1519 1112 1560; x_wconf 84' lang='lat' dir='ltr'><strong>nonas</strong></span> 
     </span>
     <span class='ocr_line' id='line_1_16' title="bbox 104 1583 1111 1666; baseline 0.003 -21"><span class='ocrx_word' id='word_1_115' title='bbox 104 1586 209 1646; x_wconf 89' lang='lat' dir='ltr'><strong>mitras</strong></span> <span class='ocrx_word' id='word_1_116' title='bbox 239 1585 435 1646; x_wconf 88' lang='lat' dir='ltr'><strong>muliebribus</strong></span> <span class='ocrx_word' id='word_1_117' title='bbox 462 1586 650 1646; x_wconf 83' lang='lat' dir='ltr'><strong>vestimentis</strong></span> <span class='ocrx_word' id='word_1_118' title='bbox 677 1588 866 1666; x_wconf 85' lang='lat' dir='ltr'><strong>adnumerat,</strong></span> <span class='ocrx_word' id='word_1_119' title='bbox 894 1589 975 1665; x_wconf 89' lang='lat' dir='ltr'><strong>quod</strong></span> <span class='ocrx_word' id='word_1_120' title='bbox 1004 1583 1111 1666; x_wconf 71' lang='lat' dir='ltr'><strong>‘magis</strong></span> 
     </span>
     <span class='ocr_line' id='line_1_17' title="bbox 103 1671 1112 1844; baseline 0.003 -110"><span class='ocrx_word' id='word_1_121' title='bbox 103 1675 210 1843; x_wconf 70' lang='lat' dir='ltr'><strong>papitis</strong></span> <span class='ocrx_word' id='word_1_122' title='bbox 246 1674 369 1844; x_wconf 59' lang='lat' dir='ltr'><strong>dependi</strong></span> <span class='ocrx_word' id='word_1_123' title='bbox 405 1694 494 1752; x_wconf 87' lang='lat' dir='ltr'><strong>quarn</strong></span> <span class='ocrx_word' id='word_1_124' title='bbox 532 1674 656 1734; x_wconf 86' lang='lat' dir='ltr'><strong>ornandi</strong></span> <span class='ocrx_word' id='word_1_125' title='bbox 694 1693 785 1736; x_wconf 84' lang='lat' dir='ltr'><strong>causa</strong></span> <span class='ocrx_word' id='word_1_126' title='bbox 821 1682 892 1737; x_wconf 89' lang='lat' dir='ltr'><strong>sunt</strong></span> <span class='ocrx_word' id='word_1_127' title='bbox 927 1671 1112 1754; x_wconf 85' lang='lat' dir='ltr'><strong>eomparata&#39;</strong></span> 
     </span>
     <span class='ocr_line' id='line_1_18' title="bbox 118 1764 293 1824; baseline 0 -2"><span class='ocrx_word' id='word_1_128' title='bbox 118 1764 150 1822; x_wconf 91' lang='grc' dir='ltr'><strong>Ρ.</strong></span> <span class='ocrx_word' id='word_1_129' title='bbox 167 1765 293 1824; x_wconf 68' lang='lat' dir='ltr'><strong>new.</strong></span> 
     </span>
    </p>

    <p class='ocr_par' dir='ltr' id='par_1_4' title="bbox 102 1851 1112 2268">
     <span class='ocr_line' id='line_1_19' title="bbox 192 1851 1112 1928; baseline 0.004 -18"><span class='ocrx_word' id='word_1_130' title='bbox 192 1851 300 1912; x_wconf 86' lang='lat' dir='ltr'><strong>Vestes</strong></span> <span class='ocrx_word' id='word_1_131' title='bbox 319 1851 427 1911; x_wconf 81' lang='lat' dir='ltr'><strong>sericas</strong></span> <span class='ocrx_word' id='word_1_132' title='bbox 446 1852 495 1913; x_wconf 82' lang='lat' dir='ltr'><strong>vel</strong></span> <span class='ocrx_word' id='word_1_133' title='bbox 513 1870 679 1928; x_wconf 86' lang='lat' dir='ltr'><strong>purpureas</strong></span> <span class='ocrx_word' id='word_1_134' title='bbox 702 1871 720 1911; x_wconf 93' lang='lat' dir='ltr'><strong>a</strong></span> <span class='ocrx_word' id='word_1_135' title='bbox 743 1855 888 1913; x_wconf 83' lang='lat' dir='ltr'><strong>testatore</strong></span> <span class='ocrx_word' id='word_1_136' title='bbox 911 1857 1015 1915; x_wconf 87' lang='lat' dir='ltr'><strong>eontra</strong></span> <span class='ocrx_word' id='word_1_137' title='bbox 1036 1855 1112 1916; x_wconf 81' lang='lat' dir='ltr'><strong>reti·</strong></span> 
     </span>
     <span class='ocr_line' id='line_1_20' title="bbox 103 1941 1111 2018; baseline 0.003 -18"><span class='ocrx_word' id='word_1_138' title='bbox 103 1945 169 2000; x_wconf 90' lang='lat' dir='ltr'><strong>tum</strong></span> <span class='ocrx_word' id='word_1_139' title='bbox 206 1943 392 2018; x_wconf 84' lang='lat' dir='ltr'><strong>comparatas</strong></span> <span class='ocrx_word' id='word_1_140' title='bbox 428 1941 603 2018; x_wconf 84' lang='lat' dir='ltr'><strong>legatusque</strong></span> <span class='ocrx_word' id='word_1_141' title='bbox 639 1961 698 2001; x_wconf 91' lang='lat' dir='ltr'><strong>non</strong></span> <span class='ocrx_word' id='word_1_142' title='bbox 735 1943 879 2001; x_wconf 79' lang='lat' dir='ltr'><strong>contineri</strong></span> <span class='ocrx_word' id='word_1_143' title='bbox 913 1944 993 2004; x_wconf 80' lang='lat' dir='ltr'><strong>virili</strong></span> <span class='ocrx_word' id='word_1_144' title='bbox 1029 1946 1111 2004; x_wconf 89' lang='lat' dir='ltr'><strong>veste</strong></span> 
     </span>
     <span class='ocr_line' id='line_1_21' title="bbox 104 2029 1109 2108; baseline 0.003 -19"><span class='ocrx_word' id='word_1_145' title='bbox 104 2029 232 2089; x_wconf 84' lang='lat' dir='ltr'><strong>Sabinus</strong></span> <span class='ocrx_word' id='word_1_146' title='bbox 258 2049 319 2090; x_wconf 91' lang='lat' dir='ltr'><strong>non</strong></span> <span class='ocrx_word' id='word_1_147' title='bbox 340 2029 441 2106; x_wconf 88' lang='lat' dir='ltr'><strong>potuit</strong></span> <span class='ocrx_word' id='word_1_148' title='bbox 462 2048 519 2090; x_wconf 92' lang='lat' dir='ltr'><strong>non</strong></span> <span class='ocrx_word' id='word_1_149' title='bbox 545 2031 687 2090; x_wconf 87' lang='lat' dir='ltr'><strong>statuere.</strong></span> <span class='ocrx_word' id='word_1_150' title='bbox 732 2033 782 2092; x_wconf 87' lang='lat' dir='ltr'><strong>vel</strong></span> <span class='ocrx_word' id='word_1_151' title='bbox 804 2031 950 2108; x_wconf 84' lang='lat' dir='ltr'><strong>Ulpianus</strong></span> <span class='ocrx_word' id='word_1_152' title='bbox 973 2032 1004 2091; x_wconf 92' lang='lat' dir='ltr'><strong>P.</strong></span> <span class='ocrx_word' id='word_1_153' title='bbox 1025 2035 1109 2093; x_wconf 80' lang='lat'><strong>2913</strong></span> 
     </span>
     <span class='ocr_line' id='line_1_22' title="bbox 103 2112 1110 2196; baseline 0.004 -20"><span class='ocrx_word' id='word_1_154' title='bbox 103 2118 140 2176; x_wconf 91' lang='lat' dir='ltr'><strong>de</strong></span> <span class='ocrx_word' id='word_1_155' title='bbox 163 2118 348 2178; x_wconf 84' lang='lat' dir='ltr'><strong>vestimentis</strong></span> <span class='ocrx_word' id='word_1_156' title='bbox 366 2120 417 2194; x_wconf 88' lang='lat' dir='ltr'><strong>ait,</strong></span> <span class='ocrx_word' id='word_1_157' title='bbox 441 2118 549 2196; x_wconf 87' lang='lat' dir='ltr'><strong>quibus</strong></span> <span class='ocrx_word' id='word_1_158' title='bbox 573 2112 648 2179; x_wconf 81' lang='lat' dir='ltr'><strong>‘sine</strong></span> <span class='ocrx_word' id='word_1_159' title='bbox 665 2116 907 2196; x_wconf 90' lang='lat' dir='ltr'><strong>reprehensione&#39;</strong></span> <span class='ocrx_word' id='word_1_160' title='bbox 930 2123 978 2182; x_wconf 86' lang='lat' dir='ltr'><strong>vel</strong></span> <span class='ocrx_word' id='word_1_161' title='bbox 997 2122 1043 2181; x_wconf 85' lang='lat' dir='ltr'><strong>vir</strong></span> <span class='ocrx_word' id='word_1_162' title='bbox 1061 2123 1110 2184; x_wconf 87' lang='lat' dir='ltr'><strong>vel</strong></span> 
     </span>
     <span class='ocr_line' id='line_1_23' title="bbox 102 2210 313 2268; baseline 0.009 -3"><span class='ocrx_word' id='word_1_163' title='bbox 102 2225 178 2266; x_wconf 85' lang='lat' dir='ltr'><strong>uxor</strong></span> <span class='ocrx_word' id='word_1_164' title='bbox 200 2210 313 2268; x_wconf 87' lang='lat' dir='ltr'><strong>utatur.</strong></span> 
     </span>
    </p>
   </div>
   <div class='ocr_carea' id='block_1_3' title="bbox 472 2349 740 2424">
    <p class='ocr_par' dir='ltr' id='par_1_5' title="bbox 472 2349 740 2424">
     <span class='ocr_line' id='line_1_24' title="bbox 472 2349 740 2424; baseline 0.007 -16"><span class='ocrx_word' id='word_1_165' title='bbox 472 2349 519 2409; x_wconf 82' lang='lat' dir='ltr'><strong>De</strong></span> <span class='ocrx_word' id='word_1_166' title='bbox 535 2367 617 2423; x_wconf 78' lang='lat' dir='ltr'><strong>penu</strong></span> <span class='ocrx_word' id='word_1_167' title='bbox 639 2351 740 2424; x_wconf 74' lang='lat' dir='ltr'><strong>deputo.</strong></span> 
     </span>
    </p>
   </div>
   <div class='ocr_carea' id='block_1_4' title="bbox 102 2468 1113 3618">
    <p class='ocr_par' dir='ltr' id='par_1_6' title="bbox 102 2468 1113 3175">
     <span class='ocr_line' id='line_1_25' title="bbox 192 2468 1112 2556; baseline 0.008 -27"><span class='ocrx_word' id='word_1_168' title='bbox 192 2470 237 2530; x_wconf 90' lang='lat' dir='ltr'><strong>De</strong></span> <span class='ocrx_word' id='word_1_169' title='bbox 260 2491 340 2549; x_wconf 87' lang='lat' dir='ltr'><strong>penu</strong></span> <span class='ocrx_word' id='word_1_170' title='bbox 363 2473 502 2532; x_wconf 84' lang='lat' dir='ltr'><strong>dixerunt</strong></span> <span class='ocrx_word' id='word_1_171' title='bbox 524 2477 593 2532; x_wconf 90' lang='lat' dir='ltr'><strong>ante</strong></span> <span class='ocrx_word' id='word_1_172' title='bbox 618 2473 761 2532; x_wconf 85' lang='lat' dir='ltr'><strong>Sabinum</strong></span> <span class='ocrx_word' id='word_1_173' title='bbox 785 2474 814 2534; x_wconf 81' lang='lat' dir='ltr'><strong>S.</strong></span> <span class='ocrx_word' id='word_1_174' title='bbox 833 2473 938 2535; x_wconf 76' lang='lat' dir='ltr'><strong>Aelius</strong></span> <span class='ocrx_word' id='word_1_175' title='bbox 958 2473 987 2554; x_wconf 86' lang='lat' dir='ltr'><strong>(I</strong></span> <span class='ocrx_word' id='word_1_176' title='bbox 1001 2496 1029 2552; x_wconf 88' lang='lat' dir='ltr'><strong>p.</strong></span> <span class='ocrx_word' id='word_1_177' title='bbox 1046 2468 1112 2556; x_wconf 85' lang='lat'>15),</span> 
     </span>
     <span class='ocr_line' id='line_1_26' title="bbox 104 2552 1111 2645; baseline 0.004 -25"><span class='ocrx_word' id='word_1_178' title='bbox 104 2559 238 2620; x_wconf 86' lang='lat' dir='ltr'><strong>Rutilius</strong></span> <span class='ocrx_word' id='word_1_179' title='bbox 265 2561 363 2620; x_wconf 86' lang='lat' dir='ltr'><strong>Rufus</strong></span> <span class='ocrx_word' id='word_1_180' title='bbox 391 2556 433 2638; x_wconf 89' lang='lat' dir='ltr'><strong>(p.</strong></span> <span class='ocrx_word' id='word_1_181' title='bbox 456 2555 527 2639; x_wconf 86' lang='lat'>44),</span> <span class='ocrx_word' id='word_1_182' title='bbox 555 2561 587 2630; x_wconf 83' lang='lat' dir='ltr'><strong>Q.</strong></span> <span class='ocrx_word' id='word_1_183' title='bbox 615 2561 731 2620; x_wconf 81' lang='lat' dir='ltr'><strong>Mucius</strong></span> <span class='ocrx_word' id='word_1_184' title='bbox 759 2552 799 2642; x_wconf 91' lang='lat' dir='ltr'><strong>(p.</strong></span> <span class='ocrx_word' id='word_1_185' title='bbox 827 2554 895 2643; x_wconf 83' lang='lat'>94),</span> <span class='ocrx_word' id='word_1_186' title='bbox 924 2563 1045 2625; x_wconf 83' lang='lat' dir='ltr'><strong>Servius</strong></span> <span class='ocrx_word' id='word_1_187' title='bbox 1068 2556 1111 2645; x_wconf 90' lang='lat' dir='ltr'><strong>(p.</strong></span> 
     </span>
     <span class='ocr_line' id='line_1_27' title="bbox 105 2641 1112 2732; baseline 0.002 -23"><span class='ocrx_word' id='word_1_188' title='bbox 105 2652 176 2710; x_wconf 95' lang='grc'>178.</span> <span class='ocrx_word' id='word_1_189' title='bbox 194 2651 266 2709; x_wconf 78' lang='lat'><strong>220.</strong></span> <span class='ocrx_word' id='word_1_190' title='bbox 289 2649 325 2709; x_wconf 87' lang='lat' dir='ltr'><strong>of.</strong></span> <span class='ocrx_word' id='word_1_191' title='bbox 344 2670 372 2725; x_wconf 93' lang='lat' dir='ltr'><strong>p.</strong></span> <span class='ocrx_word' id='word_1_192' title='bbox 392 2642 477 2727; x_wconf 91' lang='grc'>175),</span> <span class='ocrx_word' id='word_1_193' title='bbox 505 2647 610 2708; x_wconf 89' lang='lat' dir='ltr'><strong>Ofilius</strong></span> <span class='ocrx_word' id='word_1_194' title='bbox 626 2641 668 2731; x_wconf 85' lang='lat' dir='ltr'><strong>(p.</strong></span> <span class='ocrx_word' id='word_1_195' title='bbox 689 2646 778 2728; x_wconf 89' lang='grc'>349),</span> <span class='ocrx_word' id='word_1_196' title='bbox 793 2649 951 2710; x_wconf 80' lang='lat' dir='ltr'><strong>Trebatius</strong></span> <span class='ocrx_word' id='word_1_197' title='bbox 966 2643 1007 2732; x_wconf 92' lang='lat' dir='ltr'><strong>(p.</strong></span> <span class='ocrx_word' id='word_1_198' title='bbox 1023 2645 1112 2732; x_wconf 84' lang='lat'>409),</span> 
     </span>
     <span class='ocr_line' id='line_1_28' title="bbox 102 2728 1113 2819; baseline 0.001 -21"><span class='ocrx_word' id='word_1_199' title='bbox 102 2737 203 2798; x_wconf 85' lang='lat' dir='ltr'><strong>Labeo</strong></span> <span class='ocrx_word' id='word_1_200' title='bbox 229 2731 274 2817; x_wconf 91' lang='lat' dir='ltr'><strong>(H</strong></span> <span class='ocrx_word' id='word_1_201' title='bbox 291 2758 319 2815; x_wconf 91' lang='lat' dir='ltr'><strong>p.</strong></span> <span class='ocrx_word' id='word_1_202' title='bbox 342 2728 627 2818; x_wconf 82' lang='grc' dir='ltr'>156.189),Μ616</span> <span class='ocrx_word' id='word_1_203' title='bbox 655 2732 696 2818; x_wconf 85' lang='lat' dir='ltr'><strong>(p.</strong></span> <span class='ocrx_word' id='word_1_204' title='bbox 718 2729 806 2819; x_wconf 77' lang='grc'>291).</span> <span class='ocrx_word' id='word_1_205' title='bbox 848 2738 879 2798; x_wconf 88' lang='grc'><strong>16</strong></span> <span class='ocrx_word' id='word_1_206' title='bbox 901 2739 1046 2799; x_wconf 88' lang='lat' dir='ltr'><strong>librorum</strong></span> <span class='ocrx_word' id='word_1_207' title='bbox 1074 2740 1113 2799; x_wconf 93' lang='lat' dir='ltr'><strong>ad</strong></span> 
     </span>
     <span class='ocr_line' id='line_1_29' title="bbox 104 2826 1112 2907; baseline 0.002 -21"><span class='ocrx_word' id='word_1_208' title='bbox 104 2826 247 2886; x_wconf 80' lang='lat' dir='ltr'><strong>Sabinum</strong></span> <span class='ocrx_word' id='word_1_209' title='bbox 266 2827 442 2904; x_wconf 85' lang='lat' dir='ltr'><strong>fragmentis</strong></span> <span class='ocrx_word' id='word_1_210' title='bbox 461 2826 563 2886; x_wconf 90' lang='lat' dir='ltr'><strong>eadem</strong></span> <span class='ocrx_word' id='word_1_211' title='bbox 583 2827 619 2886; x_wconf 91' lang='lat' dir='ltr'><strong>de</strong></span> <span class='ocrx_word' id='word_1_212' title='bbox 633 2846 665 2886; x_wconf 90' lang='lat' dir='ltr'><strong>re</strong></span> <span class='ocrx_word' id='word_1_213' title='bbox 679 2826 783 2886; x_wconf 89' lang='lat' dir='ltr'><strong>dieunt</strong></span> <span class='ocrx_word' id='word_1_214' title='bbox 796 2826 976 2904; x_wconf 90' lang='lat' dir='ltr'><strong>Pomponius</strong></span> <span class='ocrx_word' id='word_1_215' title='bbox 991 2826 1023 2886; x_wconf 89' lang='lat' dir='ltr'><strong>P.</strong></span> <span class='ocrx_word' id='word_1_216' title='bbox 1039 2829 1112 2907; x_wconf 89' lang='grc'>500,</span> 
     </span>
     <span class='ocr_line' id='line_1_30' title="bbox 102 2914 1112 2993; baseline 0.003 -19"><span class='ocrx_word' id='word_1_217' title='bbox 102 2915 217 2976; x_wconf 85' lang='grc' dir='ltr'>Ρ66166</span> <span class='ocrx_word' id='word_1_218' title='bbox 244 2916 276 2976; x_wconf 92' lang='lat' dir='ltr'><strong>P.</strong></span> <span class='ocrx_word' id='word_1_219' title='bbox 298 2919 391 2978; x_wconf 88' lang='grc'>1676.</span> <span class='ocrx_word' id='word_1_220' title='bbox 413 2918 511 2993; x_wconf 90' lang='grc'>1917,</span> <span class='ocrx_word' id='word_1_221' title='bbox 539 2914 686 2992; x_wconf 86' lang='lat' dir='ltr'><strong>Ulpianus</strong></span> <span class='ocrx_word' id='word_1_222' title='bbox 715 2916 746 2975; x_wconf 96' lang='lat' dir='ltr'><strong>P.</strong></span> <span class='ocrx_word' id='word_1_223' title='bbox 768 2918 863 2976; x_wconf 82' lang='lat'><strong>2641.</strong></span> <span class='ocrx_word' id='word_1_224' title='bbox 910 2915 1054 2975; x_wconf 86' lang='lat' dir='ltr'><strong>Sabinum</strong></span> <span class='ocrx_word' id='word_1_225' title='bbox 1081 2920 1112 2977; x_wconf 89' lang='grc'><strong>61</strong></span> 
     </span>
     <span class='ocr_line' id='line_1_31' title="bbox 103 3003 1110 3081; baseline 0.003 -19"><span class='ocrx_word' id='word_1_226' title='bbox 103 3005 178 3064; x_wconf 88' lang='lat' dir='ltr'><strong>iuris</strong></span> <span class='ocrx_word' id='word_1_227' title='bbox 205 3004 302 3066; x_wconf 81' lang='lat' dir='ltr'><strong>uirilis</strong></span> <span class='ocrx_word' id='word_1_228' title='bbox 328 3005 412 3066; x_wconf 85' lang='lat' dir='ltr'><strong>libris</strong></span> <span class='ocrx_word' id='word_1_229' title='bbox 436 3008 468 3065; x_wconf 90' lang='grc'><strong>61</strong></span> <span class='ocrx_word' id='word_1_230' title='bbox 489 3004 574 3064; x_wconf 90' lang='lat' dir='ltr'><strong>libris</strong></span> <span class='ocrx_word' id='word_1_231' title='bbox 598 3004 635 3064; x_wconf 90' lang='lat' dir='ltr'><strong>ad</strong></span> <span class='ocrx_word' id='word_1_232' title='bbox 658 3003 815 3064; x_wconf 90' lang='lat' dir='ltr'><strong>Vitellium</strong></span> <span class='ocrx_word' id='word_1_233' title='bbox 838 3003 874 3064; x_wconf 92' lang='lat' dir='ltr'><strong>de</strong></span> <span class='ocrx_word' id='word_1_234' title='bbox 896 3023 978 3081; x_wconf 87' lang='lat' dir='ltr'><strong>penu</strong></span> <span class='ocrx_word' id='word_1_235' title='bbox 1001 3004 1110 3065; x_wconf 85' lang='lat' dir='ltr'><strong>dixisse</strong></span> 
     </span>
     <span class='ocr_line' id='line_1_32' title="bbox 102 3086 503 3175; baseline 0 -23"><span class='ocrx_word' id='word_1_236' title='bbox 102 3096 222 3153; x_wconf 86' lang='grc'>6666161</span> <span class='ocrx_word' id='word_1_237' title='bbox 244 3086 351 3175; x_wconf 89' lang='lat' dir='ltr'><strong>(supra</strong></span> <span class='ocrx_word' id='word_1_238' title='bbox 371 3115 400 3172; x_wconf 92' lang='lat' dir='ltr'><strong>p.</strong></span> <span class='ocrx_word' id='word_1_239' title='bbox 417 3087 503 3174; x_wconf 89' lang='grc'>380).</span> 
     </span>
    </p>

    <p class='ocr_par' dir='ltr' id='par_1_7' title="bbox 102 3181 1113 3618">
     <span class='ocr_line' id='line_1_33' title="bbox 191 3181 1110 3259; baseline 0.003 -19"><span class='ocrx_word' id='word_1_240' title='bbox 191 3182 314 3243; x_wconf 86' lang='lat' dir='ltr'><strong>Penoris</strong></span> <span class='ocrx_word' id='word_1_241' title='bbox 346 3183 495 3244; x_wconf 89' lang='lat' dir='ltr'><strong>notionem</strong></span> <span class='ocrx_word' id='word_1_242' title='bbox 528 3182 565 3241; x_wconf 89' lang='lat' dir='ltr'><strong>ab</strong></span> <span class='ocrx_word' id='word_1_243' title='bbox 597 3181 720 3258; x_wconf 87' lang='lat' dir='ltr'><strong>antiquo</strong></span> <span class='ocrx_word' id='word_1_244' title='bbox 750 3182 813 3242; x_wconf 88' lang='lat' dir='ltr'><strong>ritu</strong></span> <span class='ocrx_word' id='word_1_245' title='bbox 842 3183 989 3258; x_wconf 85' lang='lat' dir='ltr'><strong>Romano,</strong></span> <span class='ocrx_word' id='word_1_246' title='bbox 1022 3201 1110 3259; x_wconf 89' lang='lat' dir='ltr'><strong>quem</strong></span> 
     </span>
     <span class='ocr_line' id='line_1_34' title="bbox 102 3269 1112 3348; baseline 0.003 -19"><span class='ocrx_word' id='word_1_247' title='bbox 102 3270 259 3348; x_wconf 79' lang='lat' dir='ltr'><strong>Augustus</strong></span> <span class='ocrx_word' id='word_1_248' title='bbox 286 3271 420 3348; x_wconf 86' lang='lat' dir='ltr'><strong>pontifex</strong></span> <span class='ocrx_word' id='word_1_249' title='bbox 447 3269 593 3330; x_wconf 86' lang='lat' dir='ltr'><strong>maximus</strong></span> <span class='ocrx_word' id='word_1_250' title='bbox 620 3270 849 3348; x_wconf 85' lang='lat' dir='ltr'><strong>redintegravit,</strong></span> <span class='ocrx_word' id='word_1_251' title='bbox 881 3270 1009 3346; x_wconf 90' lang='lat' dir='ltr'><strong>pendere</strong></span> <span class='ocrx_word' id='word_1_252' title='bbox 1038 3272 1112 3332; x_wconf 90' lang='lat' dir='ltr'><strong>satis</strong></span> 
     </span>
     <span class='ocr_line' id='line_1_35' title="bbox 104 3358 1111 3437; baseline 0.004 -20"><span class='ocrx_word' id='word_1_253' title='bbox 104 3360 236 3434; x_wconf 86' lang='lat' dir='ltr'><strong>apparet.</strong></span> <span class='ocrx_word' id='word_1_254' title='bbox 287 3361 323 3420; x_wconf 86' lang='lat' dir='ltr'><strong>of.</strong></span> <span class='ocrx_word' id='word_1_255' title='bbox 350 3358 671 3435; x_wconf 76' lang='grc' dir='ltr'>Ρ661166Ι115766.</span> <span class='ocrx_word' id='word_1_256' title='bbox 699 3361 771 3422; x_wconf 85' lang='grc'>168.</span> <span class='ocrx_word' id='word_1_257' title='bbox 799 3363 871 3421; x_wconf 91' lang='grc'>169.</span> <span class='ocrx_word' id='word_1_258' title='bbox 902 3361 972 3421; x_wconf 86' lang='grc'>173.</span> <span class='ocrx_word' id='word_1_259' title='bbox 1009 3359 1111 3437; x_wconf 88' lang='grc'>116666</span> 
     </span>
     <span class='ocr_line' id='line_1_36' title="bbox 102 3446 1111 3527; baseline 0.005 -22"><span class='ocrx_word' id='word_1_260' title='bbox 102 3446 275 3523; x_wconf 85' lang='lat' dir='ltr'><strong>Masurium,</strong></span> <span class='ocrx_word' id='word_1_261' title='bbox 295 3469 382 3527; x_wconf 91' lang='lat' dir='ltr'><strong>quem</strong></span> <span class='ocrx_word' id='word_1_262' title='bbox 401 3449 432 3507; x_wconf 92' lang='lat' dir='ltr'><strong>in</strong></span> <span class='ocrx_word' id='word_1_263' title='bbox 445 3449 501 3508; x_wconf 90' lang='lat' dir='ltr'><strong>hao</strong></span> <span class='ocrx_word' id='word_1_264' title='bbox 520 3466 636 3525; x_wconf 87' lang='lat' dir='ltr'><strong>quoqne</strong></span> <span class='ocrx_word' id='word_1_265' title='bbox 655 3466 687 3509; x_wconf 90' lang='lat' dir='ltr'><strong>re</strong></span> <span class='ocrx_word' id='word_1_266' title='bbox 702 3450 838 3509; x_wconf 83' lang='lat' dir='ltr'><strong>veterum</strong></span> <span class='ocrx_word' id='word_1_267' title='bbox 853 3468 964 3509; x_wconf 89' lang='lat' dir='ltr'><strong>morem</strong></span> <span class='ocrx_word' id='word_1_268' title='bbox 978 3449 1111 3511; x_wconf 88' lang='lat' dir='ltr'><strong>tenuisse</strong></span> 
     </span>
     <span class='ocr_line' id='line_1_37' title="bbox 103 3537 1113 3618; baseline 0.004 -23"><span class='ocrx_word' id='word_1_269' title='bbox 103 3539 334 3597; x_wconf 85' lang='lat' dir='ltr'><strong>consentaneum</strong></span> <span class='ocrx_word' id='word_1_270' title='bbox 375 3540 434 3618; x_wconf 64' lang='lat' dir='ltr'><strong>opt,</strong></span> <span class='ocrx_word' id='word_1_271' title='bbox 480 3537 641 3616; x_wconf 82' lang='lat' dir='ltr'><strong>diligenter</strong></span> <span class='ocrx_word' id='word_1_272' title='bbox 677 3537 786 3598; x_wconf 83' lang='lat' dir='ltr'><strong>dixisse</strong></span> <span class='ocrx_word' id='word_1_273' title='bbox 823 3537 858 3598; x_wconf 93' lang='lat' dir='ltr'><strong>de</strong></span> <span class='ocrx_word' id='word_1_274' title='bbox 896 3540 1048 3600; x_wconf 83' lang='lat' dir='ltr'><strong>esculento</strong></span> <span class='ocrx_word' id='word_1_275' title='bbox 1081 3543 1113 3599; x_wconf 92' lang='lat' dir='ltr'><strong>et</strong></span> 
     </span>
    </p>
   </div>
   <div class='ocr_carea' id='block_1_5' title="bbox 0 0 1260 3888">
    <p class='ocr_par' dir='ltr' id='par_1_8' title="bbox 0 0 1260 3888">
     <span class='ocr_line' id='line_1_38' title="bbox 0 0 1260 3888; baseline 0 0"><span class='ocrx_word' id='word_1_276' title='bbox 0 0 1260 3888; x_wconf 95' lang='lat' dir='ltr'><strong> </strong></span> 
     </span>
    </p>
   </div>
  </div>
 </body>
</html>
