2568 3890
406 160 429 209 7.
453 153 491 209 Μ.
509 153 698 209 ANTISTIUS
717 152 836 208 LABEO
1059 151 1124 215 257

16 307 17 394 l
113 319 145 382 si
173 317 244 403 quis
268 316 306 380 de
329 315 427 381 fundo
451 317 483 380 vi
506 316 648 382 deiectus
672 317 729 401 sit,
758 339 798 380 an
822 315 946 381 condioi
969 315 999 379 ei
1022 315 1126 400 possit

16 417 17 434 ¹
116 407 173 492 qui
196 405 320 470 deiecit.
366 403 473 469 Labeo
495 409 603 488 negat.

207 494 281 559 170.
303 492 342 558 D.
354 495 404 576 10,
414 495 443 576 4,
455 493 504 559 15.
527 493 618 559 Idem
628 490 905 582 (scPomponius)
915 493 999 558 libro
1010 497 1125 559 octavo

115 584 240 650 decimo
265 582 305 647 ad
329 582 487 647 Sabinum
511 582 559 665 (P.
574 584 662 669 657).
682 620 725 630 -
749 582 956 648 Thensaurus
980 605 1070 648 meus
1093 583 1127 646 in

112 681 173 737 tuo
197 671 299 736 fundo
324 677 374 735 est
397 693 456 736 neo
480 694 553 737 eum
576 673 698 757 pateris
717 693 768 736 mc
787 672 939 757 effodere3
961 693 1034 735 cum
1054 693 1127 736 eum

115 762 189 826 loco
217 782 284 825 non
310 761 464 840 moveris,
495 760 575 826 furti
603 761 731 845 quidem
760 765 816 825 aut
844 761 884 825 ad
912 760 1127 824 exhibendum

117 872 155 914 eo
179 850 309 914 nomine
334 869 429 933 agere
453 857 540 914 recte
563 871 629 913 non
651 871 747 934 posse
769 872 821 914 me
840 849 948 914 Labeo
973 849 1029 933 ait,
1053 850 1128 933 quia

116 960 222 1023 neque
250 937 430 1021 possideres
460 960 534 1002 eum
562 959 664 1023 neque
692 939 766 1003 dolo
794 939 909 1004 feceris
932 959 996 1022 quo
1020 937 1127 1002 minus

117 1026 314 1113 possideres,
348 1031 460 1110 utpote
491 1049 563 1092 oum
591 1028 662 1091 fieri
688 1028 806 1113 possit,
838 1033 875 1092 ut
901 1027 1026 1092 nescias
1054 1049 1129 1091 eum

116 1117 327 1180 thensaurum
355 1115 390 1179 in
417 1120 474 1180 tuo
503 1116 601 1181 fundo
630 1138 710 1180 esse.
754 1138 821 1181 non
848 1139 919 1181 esse
947 1120 1056 1181 autem
1079 1117 1130 1179 in-

117 1205 229 1289 iquum
251 1204 372 1270 iuranti
395 1203 476 1268 mihi
499 1226 564 1268 non
587 1205 765 1269 calumniae
789 1227 886 1271 causa
907 1205 941 1269 id
964 1205 1129 1288 postulare

117 1294 169 1358 vel
195 1293 404 1358 interdictum
430 1293 482 1357 vel
511 1293 664 1359 iudicium
692 1294 738 1357 ita
762 1294 844 1379 dari,
871 1299 920 1378 ut,
947 1295 1055 1379 siper
1078 1315 1129 1357 me

120 1404 182 1446 non
203 1382 303 1466 stetit,
326 1403 390 1466 quo
410 1383 515 1446 minus
535 1381 645 1446 damni
666 1382 775 1447 infecti
794 1383 855 1447 tibi
875 1383 981 1468 operis
999 1383 1129 1448 nomine

118 1477 285 1554 caveatur,
312 1492 352 1535 ne
381 1471 447 1534 vim
474 1470 575 1535 facias
605 1471 697 1554 mihi,
726 1493 788 1555 quo
812 1472 918 1537 minus
942 1494 1016 1537 eum
1037 1471 1129 1537 then·

118 1582 249 1625 sauram
273 1559 423 1624 effodiam
445 1560 561 1624 tollam
584 1567 783 1643 exportem-

207 1671 252 1729 De
276 1671 437 1731 thensauro
460 1671 497 1731 cf.
511 1671 546 1730 D.
564 1673 614 1747 10,
630 1673 658 1748 2,
674 1673 714 1730 22
725 1690 768 1747 pr.
788 1690 879 1747 supra
901 1691 929 1748 p.
946 1674 1019 1734 231.

210 1773 281 1837 171.
308 1773 348 1838 Ι).
367 1774 419 1856 47,
434 1775 464 1857 2,
478 1772 531 1852 50,
545 1774 576 1837 4.
630 1772 790 1856 Ulpianus
822 1773 905 1837 libro
938 1771 1130 1858 trigensimo

13 1880 14 1936 l
121 1862 258 1945 septimo
283 1862 322 1926 ad
346 1863 485 1927 edictum
508 1860 558 1949 (P.
578 1861 701 1946 10410).
726 1897 764 1907 —
791 1859 870 1926 (lum
894 1883 945 1946 eo,
975 1863 1030 1946 qui
1053 1885 1131 1945 pan·

13 1945 14 2004 l
119 1969 196 2014 num
225 1951 357 2016 rubrum
386 1950 527 2015 ostendit
553 1950 743 2035 fugavitque
777 1972 886 2036 pecus,
919 1957 956 2014 ut
982 1952 1015 2016 in
1042 1952 1130 2016 fures

13 2069 15 2110 ῑ
119 2040 287 2123 incideret,
314 2041 342 2104 si
369 2040 499 2124 quidem
528 2039 602 2105 dolo
630 2039 829 2122 malefecit,
856 2039 935 2104 furti
959 2040 1044 2105 actio
1068 2047 1131 2124 est;

122 2128 177 2192 sed
200 2133 233 2192 et
257 2130 285 2192 si
306 2150 370 2192 non
389 2127 468 2192 furti
487 2129 627 2194 faciendi
647 2152 744 2194 causa
762 2129 823 2194 hoo
840 2127 927 2212 fecit,
949 2151 1016 2194 non
1034 2129 1131 2195 debet

13 2297 14 2300 Ἴ
121 2215 301 2300 impunitus
330 2239 399 2281 esse
428 2217 517 2282 lusus
545 2223 614 2282 tam
639 2219 852 2303 perniciosus,
879 2219 998 2285 idcirco
1022 2218 1130 2284 Labeo

121 2305 234 2370 scribit
256 2306 291 2368 in
314 2305 436 2370 factum
460 2306 599 2370 dandam
622 2306 789 2372 actionem.

212 2394 283 2459 172.
307 2392 346 2458 D.
366 2396 418 2477 47,
432 2395 462 2473 2,
476 2394 528 2476 52,
545 2397 594 2460 11.
641 2394 801 2478 Ulpianus
829 2397 911 2461 libro
939 2397 1131 2484 trigensimo

122 2483 258 2567 septimo
306 2484 346 2547 ad
391 2483 529 2549 edictum
570 2481 621 2569 (P.
658 2481 768 2569 1042).
809 2520 853 2532 -
893 2486 989 2570 Apud
1029 2486 1131 2551 Labe-

123 2592 217 2637 onem
240 2572 378 2636 relatum
403 2577 467 2655 est,
493 2573 521 2636 si
545 2571 723 2656 siliginario
747 2573 819 2657 quis
842 2573 967 2657 dixerit,
989 2579 1025 2638 ut
1048 2576 1132 2659 quis-

124 2660 195 2744 quis
218 2659 346 2748 nomine
370 2661 438 2725 eius
463 2660 625 2746 siliginem
647 2661 796 2746 petisset,
824 2661 853 2725 ei
877 2662 982 2739 daret,
1007 2667 1040 2726 et
1064 2662 1132 2745 qui-

124 2749 196 2814 dam
216 2772 254 2814 ex
274 2751 517 2816 transeuntibus
537 2771 610 2814 cum
631 2750 782 2831 audisset,
805 2749 899 2834 petiit
917 2750 984 2814 eius
1003 2751 1132 2815 nomine

123 2842 156 2900 et
174 2838 306 2923 accepit,
324 2838 404 2902 furti
424 2838 585 2903 actionem
605 2839 756 2904 adversus
772 2860 856 2922 eum,
874 2839 929 2922 qui
943 2839 1003 2904 sibi
1016 2838 1134 2925 petiiP,

124 2925 303 3012 siliginario
322 2935 514 3011 competere,
533 2949 598 2992 non
617 2928 710 3012 mihi3
730 2950 794 2993 non
815 2928 899 2992 enim
916 2928 995 2992 mihi
1009 2927 1133 3012 negoti-

123 3037 191 3100 um,
215 3015 272 3078 sed
295 3015 358 3080 sibi
381 3016 581 3100 siliginarius
604 3018 716 3102 gessit.

213 3103 286 3171 173.
305 3103 345 3169 D.
358 3105 408 3189 13,
420 3107 448 3187 7,
458 3106 488 3171 3.
516 3105 606 3170 Idem
621 3105 677 3188 (sc.
692 3103 904 3193 Pomponius)
919 3105 1003 3170 libro
1019 3109 1133 3171 octavo

123 3187 248 3258 decimo
277 3193 316 3258 ad
341 3193 497 3259 Sabinum
521 3190 570 3281 (P.
590 3192 679 3280 652).
704 3230 744 3241 -
771 3193 805 3261 Si
829 3195 922 3279 quasi
945 3199 1133 3278 recepturus

125 3303 144 3344 a
173 3281 318 3347 debitore
341 3287 398 3347 tuo
422 3284 601 3347 comminus
628 3283 799 3366 pecuniam
822 3283 988 3348 reddidisti
1011 3283 1042 3348 ei
1065 3283 1134 3369 pig·

123 3391 184 3434 nus
208 3371 299 3455 isque
322 3393 380 3455 per
403 3371 578 3437 fenestram
601 3372 634 3436 id
655 3372 744 3437 misit
766 3375 937 3456 exceptum
962 3395 1009 3457 eo,
1037 3395 1133 3459 quem

196 3532 210 3580 1
231 3526 281 3583 Fr.
301 3532 439 3597 suppetet.

177 3625 274 3675 Iurlrpr.
288 3627 406 3668 antehadr.
420 3628 469 3668 rell.
484 3628 518 3667 ed.
533 3627 632 3670 Bremer.
655 3629 687 3670 11.
888 3623 921 3672 17
