2506 3880
135 123 198 188 138
235 124 257 178 I.
277 121 433 178 AETATIS
452 120 612 177 AUGUSTI
630 121 677 176 ΕΤ
694 120 831 176 TIBERII
848 120 945 177 IURIS
965 119 1151 176 CONSULTI

134 291 185 352 est
202 285 347 370 fundum,
371 285 461 350 ouius
481 285 711 349 alienationem
730 285 836 349 omnis
855 285 983 370 generis
1001 283 1149 351 fructus1

135 379 238 457 sequi:
260 395 319 438 nec
343 395 424 458 cum,
446 375 502 456 qui
523 373 658 438 hiberno
682 373 832 437 habuerit
852 373 988 438 fundum
1006 380 1148 461 centum,

134 463 162 528 si
180 463 240 527 sub
258 466 387 546 tempus
406 462 521 528 messis
541 462 759 527 vindemiaeve
776 461 900 527 fructus
920 462 988 526 eius
1007 463 1148 528 vendere

133 551 238 634 possit
261 550 379 630 decem,
401 551 520 616 idcirco
544 551 624 615 duas
645 572 707 635 res,
730 551 763 614 id
786 554 836 615 est
859 550 993 615 fundum
1014 555 1147 618 centum
1244 620 1245 623 ,

133 644 167 704 et
202 640 323 706 fructus
361 641 469 706 decem
504 640 603 721 [eum]
635 638 755 704 habere
785 639 1051 724 intellegendum,
1090 641 1148 706 sed

131 750 243 813 unam,
271 729 304 793 id
332 731 382 793 est
404 729 539 794 fundum
562 729 705 811 centum,
733 729 817 793 sicut
840 728 868 793 is
895 749 1021 812 quoque
1045 751 1147 794 unam

132 839 201 882 rem
214 816 348 882 haberet
362 817 417 902 qui
432 817 606 902 separatim
621 817 726 882 solum
741 817 866 882 aedium
879 818 1016 883 vendere
1029 819 1148 903 possit.

306 999 341 1060 st
363 1002 428 1073 quie
449 1001 624 1060 vadimoniis
644 1017 703 1059 ooo
725 1002 965 1075 obtemperaverit.

191 1137 195 1142 ·
217 1118 292 1185 233.
314 1117 352 1182 D.
370 1119 401 1202 2,
418 1119 468 1203 11,
481 1117 512 1200 2,
526 1121 556 1183 4.
597 1117 757 1202 Ulpianus
776 1118 861 1184 libro
880 1117 1146 1203 septuagensimo

129 1212 245 1294 quarto
270 1207 310 1272 ad
334 1207 474 1272 edictum
496 1203 546 1292 (P.
564 1207 674 1292 1653).
696 1244 731 1254 —
755 1206 877 1273 Sinon
899 1210 1032 1292 propter
1056 1208 1147 1273 vale·

35 1365 38 1371 ,
128 1298 274 1362 tudinem
298 1297 412 1360 mulier
434 1317 501 1360 non
525 1297 653 1361 steterit·
673 1297 800 1381 iudicio,
824 1296 879 1360 sed
903 1295 988 1381 quod
1007 1296 1147 1381 gravida

129 1391 211 1472 erat,
234 1384 458 1470 exceptionem
482 1385 511 1450 ei
533 1385 672 1450 dandam
695 1385 804 1450 Labeo
828 1385 882 1452 ait.

428 1569 475 1628 De
497 1569 556 1628 doti
577 1569 649 1627 moti
671 1570 837 1642 eaoeptiooe.

217 1686 293 1755 234.
311 1687 349 1753 D.
363 1688 416 1772 44,
430 1689 462 1768 4,
475 1689 506 1767 4,
522 1689 549 1752 1.
590 1686 749 1771 Ulpianus
771 1686 855 1751 libro
879 1685 1144 1771 septuagensimo

127 1781 219 1842 sexto
234 1777 275 1841 ad
290 1778 429 1842 edietum
443 1773 491 1864 (P.
505 1773 631 1864 167812).
648 1815 685 1824 -
703 1775 847 1840 Iulianus
863 1774 1001 1859 scribsit,
1015 1772 1043 1837 si
1058 1775 1144 1859 quis,

127 1888 200 1931 cum
218 1885 316 1950 aeger
334 1869 428 1948 esset,
447 1869 575 1932 centum
594 1886 708 1930 aureos
727 1865 836 1930 uxoris
851 1886 926 1928 suae
942 1864 1141 1930 consobrino

127 1954 363 2040 spopondisset,
382 1954 493 2018 volens
512 1954 636 2019 seilicet
650 1976 721 2018 eam
735 1953 902 2036 pecuniam
917 1951 957 2016 ad
971 1951 1142 2018 mulierem

126 2044 301 2126 peruenire,
325 2042 438 2106 deinde
458 2043 666 2125 convaluerit,
690 2064 731 2106 an
750 2042 938 2126 exceptione
956 2040 1006 2105 uti
1023 2043 1142 2127 possit,

127 2131 155 2194 si
178 2131 397 2196 conveniatur.
444 2135 476 2194 et
498 2131 597 2194 refert
618 2129 763 2196 Labeoni
787 2130 946 2215 placuisse
970 2130 1036 2194 doli
1059 2132 1141 2195 mali

125 2219 173 2284 uti
195 2241 269 2283 eum
287 2239 390 2302 posse.

214 2331 250 2392 cf.
273 2330 354 2390 Fest.
377 2350 406 2406 p.
422 2331 484 2390 161
509 2349 537 2390 v.
560 2331 665 2390 mortis
689 2349 780 2390 causa
803 2330 969 2407 stipulatio.

213 2440 287 2507 235.
316 2438 355 2506 D.
369 2439 444 2504 ibid.
460 2443 523 2526 §¹3.
549 2477 587 2487 —
689 2441 866 2526 quaeritur,
894 2441 922 2505 si
945 2462 1017 2505 cum
1036 2462 1088 2526 eo,
1118 2464 1138 2507 a

124 2551 187 2616 quo
210 2529 272 2594 tibi
296 2531 464 2615 sexaginta
490 2531 695 2614 deberentur,
723 2529 994 2614 compromiseris,
1021 2529 1137 2595 deinde

123 2641 181 2703 per
213 2619 460 2704 imprudentiam
490 2641 628 2704 poenam
661 2622 790 2685 centum
822 2618 993 2703 stipulatus
1025 2618 1136 2684 fueris.

123 2708 233 2774 Labeo
260 2711 355 2793 putat
383 2709 554 2774 convenire
582 2707 689 2773 officio
717 2707 833 2772 arbitri
862 2707 972 2772 iubere
1003 2710 1135 2772 tantum

122 2798 183 2862 tibi
211 2797 294 2879 dari,
322 2801 479 2881 quantum
507 2818 542 2861 re
563 2819 641 2862 vera
663 2797 831 2880 debeatur,
859 2799 892 2861 et
918 2796 946 2861 si
972 2817 1039 2861 nou
1067 2796 1135 2875 liat,

122 2908 187 2951 non
216 2890 338 2969 vetare,
365 2908 406 2950 ne
434 2885 511 2969 quid
535 2884 675 2970 amplius
698 2888 842 2969 petatur:
871 2885 926 2950 sed
949 2884 1077 2949 etiamsi
1099 2885 1135 2950 id

121 2976 278 3039 omissum
301 2973 410 3056 fuerit,
439 2973 506 3058 peti
528 2995 624 3058 posse
648 2973 734 3058 quod
757 2973 892 3039 debetur
913 2973 1021 3038 Labeo
1045 2973 1135 3057 dicit,

122 3068 155 3127 et
178 3063 206 3128 si
228 3061 311 3127 forte
333 3083 439 3146 poena
461 3065 600 3146 petatur,
623 3062 689 3127 doli
712 3063 789 3127 mali
812 3063 1033 3146 exceptionem
1056 3084 1136 3147 pro·

120 3151 273 3217 futuram.

208 3242 283 3306 236.
314 3237 352 3304 D.
371 3239 447 3304 ibid.
467 3242 487 3320 ἓ
506 3238 535 3304 5.
563 3275 598 3285 -
709 3240 817 3305 Labeo
846 3239 973 3324 scribit,
1001 3239 1029 3304 si
1059 3241 1133 3326 quis

119 3327 292 3412 fugitivum
321 3349 390 3393 esse
418 3329 521 3393 sciens
549 3329 662 3393 emerit
689 3351 816 3393 servum
845 3333 876 3392 et
903 3328 931 3392 si
954 3328 1133 3412 stipulatus

194 3497 207 3542 1
230 3491 280 3545 Fi.
300 3491 379 3547 cuius
398 3492 487 3547 omnis
506 3492 617 3564 generis
636 3492 836 3549 alienationem
854 3493 968 3550 fructus.
