2580 3888
155 204 220 267 342
256 203 290 258 ΙΙ.
318 202 386 258 ΤΙΒ.
406 201 482 258 GAII
505 199 633 257 CLAUD.
652 201 787 257 Nason.
811 201 919 258 ΤΕΜΡ.
939 201 1035 256 lusus
1058 199 1163 257 CONS.

153 374 224 432 liter
233 374 381 448 teneatur,
396 370 565 448 quaesitum
575 373 629 431 est.
684 372 727 431 fit.
761 370 853 430 sedai
868 370 971 429 datum
986 373 1032 430 est
1046 389 1164 445 aurum,
1262 375 1264 436 Ῑ

153 463 183 520 in
211 479 272 537 qua
295 460 392 536 specie
417 505 477 518 ...
501 458 630 519 Sabinus
685 460 801 536 deinde,
820 479 888 518 cum
906 459 1030 518 dixisset
1044 477 1074 518 se
1085 479 1164 535 pon·
1262 521 1264 548 ,

154 550 266 621 scribit,
287 549 313 609 si
332 549 452 626 quidem
471 548 541 607 dato
557 568 629 608 auro
685 549 788 608 derare
817 551 871 607 aut
896 548 1053 626 obsignare
1075 547 1164 625 velle,
1262 553 1264 602 l

156 657 205 698 aes
224 637 407 715 subiecisset,
428 638 503 696 furti
522 638 630 714 teneri,
685 656 735 697 aes
764 636 903 712 subiecit,
934 632 1051 695 furtum
1077 637 1163 713 fecit,
1262 617 1265 670 Ὗ

154 726 234 803 quod
253 727 330 786 siin
348 727 445 786 dando
464 745 514 784 aes
532 727 630 786 subie-
684 745 746 784 rem
785 726 863 785 enim
903 725 1023 802 pignori
1061 725 1164 785 datam

154 817 257 893 cisset,
280 817 409 892 turpiter
431 816 549 894 secisse,
571 835 631 875 non
684 815 862 874 intervertit.

153 906 250 964 furem
274 923 347 964 esse.

152 1021 371 1096 Imperatorum
400 1038 518 1097 quoquo
545 1020 691 1095 rescripta
716 1020 754 1078 ad
777 1019 881 1078 Sabini
903 1017 996 1080 verba
1017 1017 1165 1094 respicere

152 1110 273 1170 videtur
294 1109 415 1186 probari
439 1109 485 1167 his
509 1127 584 1186 quae
608 1108 730 1168 subieci.

197 1224 272 1284 Gell.
293 1227 322 1302 5,
339 1225 388 1301 13,
404 1226 432 1284 5.
463 1255 501 1265 —
530 1223 629 1283 Masu·
730 1222 765 1282 D.
781 1224 811 1300 3,
827 1226 854 1301 1,
872 1226 921 1280 11.
950 1222 1163 1298 Tryphoninus

152 1314 215 1373 rius
243 1359 277 1374 ..
306 1313 434 1372 Sabinus
479 1313 511 1372 in
551 1313 628 1372 libro
685 1312 762 1372 libro
785 1311 889 1388 quinto
908 1310 1163 1387 Disputationum.

151 1403 225 1462 iuris
244 1402 340 1463 civilis
359 1402 450 1462 tertio
469 1449 474 1461 .
490 1447 497 1460 .
512 1449 518 1462 .
535 1403 628 1461 verba
687 1433 728 1442 -
739 1402 767 1460 A
780 1401 911 1476 principe
924 1404 1026 1459 nostro
1036 1399 1163 1475 rescrip-

152 1512 187 1550 ex
216 1512 250 1551 eo
277 1491 354 1551 libro
376 1491 449 1550 haec
473 1497 555 1551 sunt:
685 1494 751 1550 tum
770 1496 893 1549 estnon
913 1488 1066 1566 prohiberi
1082 1492 1164 1548 tuto-

153 1575 257 1640 ‘otiam
289 1581 432 1641 adversus
463 1600 551 1656 quem
581 1581 632 1639 ad·
686 1599 749 1638 rem
768 1578 871 1638 adesse
889 1578 1003 1654 pupillo
1024 1578 1056 1635 in
1074 1596 1166 1655 nego-

152 1669 293 1747 fuisscnt,
323 1670 388 1728 eius
417 1669 486 1729 filiis
514 1672 630 1729 tutores
686 1669 742 1746 tio,
770 1669 884 1744 inquo
908 1667 1071 1726 advocatus
1095 1684 1164 1726 con-

151 1759 249 1818 relicti
276 1759 307 1816 in
337 1759 439 1817 eadem
463 1777 553 1819 causa
576 1779 631 1834 pu·
686 1762 735 1817 tra
756 1761 875 1833 patrem
897 1756 960 1815 eius
984 1756 1101 1815 fuisset.

152 1846 225 1922 pillo
249 1840 395 1908 aderant'.

241 1970 316 2030 Cum
336 1971 522 2048 Tryphonini
546 1971 791 2046 Disputationum
814 1988 884 2046 pars
907 1969 990 2046 prior
1009 1967 1166 2028 Caracalla

152 2062 183 2118 et
206 2058 282 2118 Geta
303 2060 529 2137 imperantibus,
553 2059 584 2118 id
608 2062 654 2119 est
675 2078 751 2118 anno
771 2061 832 2118 211
854 2058 903 2118 vel
922 2058 992 2117 anni
1011 2057 1164 2133 sequentis

152 2147 239 2206 initio
262 2148 402 2208 rideatur
426 2148 537 2223 scripta
560 2166 623 2207 esse
647 2141 799 2227 (Krueger
816 2168 844 2223 p.
865 2149 938 2206 201.
967 2146 1058 2205 Lencl
1081 2145 1114 2205 P.
1133 2145 1165 2205 II

152 2236 207 2296 col.
231 2238 293 2295 351
309 2230 367 2318 n),
396 2237 484 2295 huius
511 2236 650 2312 rescripti
673 2238 826 2295 auctorem
849 2235 1047 2311 Papinianum
1069 2233 1164 2294 fuisse

152 2343 273 2384 censeas
306 2317 357 2405 (cf.
382 2325 518 2403 Kruoger
540 2346 568 2400 p.
593 2327 655 2384 198
680 2326 769 2383 adn.
794 2316 864 2407 62),
899 2342 988 2401 quem
1020 2323 1165 2383 Sabinum

152 2414 274 2472 maximi
297 2415 472 2474 aestimasse
496 2432 588 2490 supra
611 2435 639 2490 p.
655 2416 719 2475 332
742 2413 881 2474 vidimus.

241 2503 345 2562 Sabini
372 2504 464 2563 libros
495 2504 683 2580 aliquamdiu
709 2504 741 2562 in
768 2502 877 2563 scholis
901 2502 971 2561 usui
993 2501 1086 2560 fuisse
1108 2520 1164 2576 pro

152 2593 233 2652 certo
260 2593 332 2652 licet
359 2596 505 2670 statuere,
532 2597 638 2669 postea
660 2591 783 2668 Ulpiani
810 2591 882 2652 libri
904 2591 942 2650 ad
966 2590 1109 2649 Sabinum
1131 2589 1164 2648 in

153 2681 275 2741 orientis
290 2683 398 2742 scholis
413 2682 540 2741 adhibiti
556 2686 626 2741 sunt
640 2685 671 2741 et
680 2683 711 2741 id
721 2682 842 2757 quidem
851 2699 946 2758 nsque
956 2680 994 2738 ad
1004 2677 1167 2738 Iustiniani

152 2773 296 2845 tempora.
329 2772 365 2831 cf.
388 2771 525 2848 Krueger
547 2792 576 2847 p.
592 2773 665 2831 219.
682 2773 754 2831 320.
769 2773 841 2830 350.
876 2769 912 2828 of.
929 2770 991 2828 137
1002 2788 1029 2826 n.
1047 2770 1096 2828 64.
1113 2769 1166 2828 65.

152 2859 248 2933 primo
276 2879 304 2935 p.
324 2859 392 2919 Chr.
421 2860 538 2919 saeculo
567 2860 603 2918 de
631 2858 842 2920 controversiis
864 2858 944 2917 inter
966 2856 1110 2916 Sabinum
1133 2859 1166 2914 et

152 2947 311 3007 Proculum
334 2947 588 3007 intercedentibus
612 2948 643 3005 in
666 2947 774 3006 scholis
798 2946 985 3022 disputatum
1009 2963 1072 3005 esse
1096 2943 1165 3004 Gaii

154 3035 398 3095 Institutionibus
416 3036 636 3112 comprobatur.
669 3037 706 3095 cf.
725 3035 760 3094 D.
777 3038 827 3112 29,
845 3038 872 3113 7,
890 3039 982 3112 14pr.
1014 3054 1074 3094 non
1092 3052 1166 3093 casu

152 3125 264 3184 factum
290 3143 354 3184 osse
377 3129 460 3200 puto,
482 3129 518 3183 ut
536 3125 566 3182 in
584 3124 832 3200 Disputationum
851 3127 882 3185 et
900 3123 1115 3194 Quaestionum
1133 3131 1167 3182 ot

153 3211 361 3288 Epistularum
380 3213 465 3273 libris
480 3213 583 3272 Sabini
602 3215 767 3274 sententiae
786 3216 1031 3290 proponerentur,
1050 3211 1167 3272 scilicet

152 3301 184 3358 in
211 3301 346 3362 Iavoleni
373 3302 581 3378 Epistularum
609 3303 694 3362 libris
718 3296 967 3384 (D.45,1,105.
987 3304 1039 3376 42,
1054 3304 1083 3370 5,
1098 3293 1166 3380 28),

153 3389 185 3446 in
218 3390 403 3466 Tryphonini
434 3390 683 3467 Disputationum
713 3392 799 3452 libris
832 3385 883 3472 (D.
907 3395 958 3467 34,
979 3395 1007 3468 9,
1027 3383 1097 3471 22),
1132 3389 1167 3448 in

154 3475 369 3544 Quaestionum
393 3479 521 3555 denique
544 3479 628 3538 libris
653 3485 684 3539 et
708 3480 867 3540 Scaevolae
887 3472 936 3558 (D.
953 3483 1003 3556 29,
1020 3481 1048 3555 7,
1065 3481 1105 3538 14
1119 3498 1166 3555 pr.

153 3565 205 3637 46,
217 3567 245 3642 3,
257 3568 306 3638 93,
318 3560 353 3645 3)
372 3571 403 3626 ot
419 3567 576 3643 Papiniani
591 3559 683 3649 (libro
693 3568 723 3628 H
737 3568 773 3628 D.
784 3572 835 3646 45,
848 3573 875 3646 1,
888 3571 959 3646 115,
971 3570 1004 3645 23
1018 3568 1095 3628 libro
1105 3567 1167 3626 VH
