2580 3888
157 211 230 276 374‘
262 211 296 266 11.
324 209 392 265 rra.
412 209 488 266 ssu
511 209 638 266 caluo.
661 183 1042 267 marcianitarum
1066 209 1164 265 cous.

157 377 262 439 mater
276 378 405 457 parturn
425 396 458 438 se
472 372 556 438 XIII
566 373 729 438 mensibus
745 373 863 438 diceret
876 374 1001 457 tulisse,
1015 372 1167 459 quoniam

157 463 284 528 nullum
308 467 427 527 certum
451 467 580 546 tempus
595 462 748 546 pariendi
769 465 930 528 'statutum
954 462 1124 528 videretur.
1164 493 1168 500 ·

246 556 331 616 Hane
361 575 479 634 quoque
507 575 570 616 rem
599 555 638 615 ad
664 551 712 616 ius
741 554 873 630 divinum
895 559 1030 632 spectare
1053 559 1169 616 certum

158 650 211 705 est.
262 645 428 722 ef.1).38,
449 648 503 722 16,
524 648 556 719 3,
578 647 618 705 1⁶2
644 643 713 720 Ulp.
737 644 776 703 ad
800 645 867 705 Sab.
893 639 940 725 (P.
956 635 1066 726 2528).
1113 639 1168 705 ‘De

158 753 192 793 so
213 778 258 809 ..‚
289 734 341 810 qui
365 734 527 795 centesimo
551 733 755 811 octogensimo
779 731 907 794 secundo
931 735 978 794 die
1001 736 1091 795 natus
1114 737 1169 813 est,

157 822 356 899 Hippocrates
375 823 495 900 scripsit
513 826 544 882 et
562 823 650 882 divus
664 821 735 881 Pius
754 822 996 898 pontificibus
1014 823 1169 899 rescripsit

157 912 237 972 iusto
261 915 395 988 tempore
417 911 513 972 videri
535 905 661 970 natum?

431 1057 774 1156 vljaesponsorum
796 1041 900 1138 libri.¹

171 1245 172 1250 κ
248 1205 427 1264 Laudentur
445 1222 463 1262 a
481 1203 655 1264 Callistrato
673 1195 715 1284 (v.
730 1195 845 1285 infra)::
860 1197 999 1263 ‘Sabinus
1019 1213 1071 1264 ..”.
1090 1203 1168 1264 libro

158 1294 286 1354 secundo
309 1295 531 1370 Responsorum
548 1287 687 1370 probat?
702 1311 896 1374 quamquam
917 1292 977 1352 riri
999 1292 1082 1353 ‹locti
1108 1312 1171 1352 non

159 1382 270 1460 Sabini,
293 1382 346 1442 sed
365 1380 453 1442 Ursei
463 1381 563 1444 libros
582 1381 800 1464 intellegendos
812 1381 979 1442 coniciunt.
1021 1382 1058 1442 cf.
1076 1380 1171 1440 Lenel

157 1472 190 1532 P.
208 1472 240 1530 II
258 1471 312 1532 col.
334 1474 396 1531 189
416 1491 445 1531 n.
465 1473 494 1530 2.
554 1473 623 1531 ante
660 1469 801 1530 Sabinum
838 1470 1058 1545 Responsorum
1098 1469 1171 1530 libri

158 1560 232 1620 editi
260 1562 375 1638 sunta
400 1560 554 1620 Labeone·
569 1552 723 1641 (pili),
755 1561 824 1636 post
851 1577 918 1618 eum
946 1577 964 1618 a
990 1558 1115 1619 Neratio
1139 1563 1172 1619 et

156 1649 223 1708 aliis
246 1648 359 1709 multis.
613 1643 615 1647 ’
859 1705 861 1710 .

219 1813 221 1821 γ
578 1736 687 1797 Liber
709 1731 774 1796 Π.Ι

247 1849 275 1912 1.
291 1845 329 1912 D.
342 1849 392 1927 14,
402 1849 520 1930 2‚4pr.
554 1843 758 1912 Callistratus
769 1846 853 1912 libro
869 1847 1008 1913 secundo
1019 1843 1169 1922 Quaesti-

158 1957 254 2000 onum
279 1934 328 2020 (Ρ.
342 1933 409 2024 98).
433 1972 475 1982 -
499 1933 602 2000 Navis
626 1939 761 2000 onustae
784 1937 938 2002 levandae
963 1957 1067 2016 causa,
1091 1937 1171 2020 quia
1239 1933 1242 1940 ⁴

158 2025 280 2088 intrare
308 2025 428 2090 flumen
456 2024 507 2088 vel
535 2026 665 2107 portum
694 2044 760 2089 non
783 2029 933 2108 potuerat
960 2047 1033 2090 cum
1061 2046 1170 2108 onere,

157 2113 186 2177 si
206 2112 360 2198 quaedam
380 2133 500 2176 merces
521 2113 554 2175 in
574 2112 729 2196 scapham
748 2112 903 2179 traiectae
918 2121 994 2178 sunt
1008 2117 1064 2178 aut
1078 2118 1172 2180 extra

156 2200 290 2283 flumen,
324 2222 363 2265 ne
395 2199 596 2285 perielItetur
625 2203 682 2265 aut
708 2201 741 2264 in
769 2202 841 2286 ipso
869 2203 954 2267 ostio
981 2202 1033 2266 vel
1061 2205 1179 2286 portu‚·

158 2310 258 2374 eaque
287 2288 406 2372 scapha
430 2310 607 2353 summersa
634 2292 697 2373 est,
719 2291 805 2355 ratio
827 2291 942 2356 haberi
965 2290 1061 2355 debet
1083 2291 1172 2356 inter

158 2399 213 2442 eos
236 2378 292 2461 qui
315 2377 349 2441 in
367 2399 449 2442 nave
469 2397 589 2443 merces
614 2378 720 2442 salvas
738 2378 870 2464 habent,
892 2401 964 2444 cum
984 2380 1035 2444 his
1053 2378 1109 2463 qui
1133 2381 1172 2444 in

159 2466 279 2550 scapha
301 2466 516 2549 perdiderunt,
539 2467 673 2552 proinde
696 2470 863 2552 tamquam
887 2469 915 2532 si
935 2467 1173 2534 iactura'facta

158 2560 252 2634 esset,
266 2555 361 2639 idque
377 2554 516 2620 Sabinus
532 2577 657 2642 quoque
672 2555 755 2621 libro
771 2556 911 2622 secundo
926 2555 1173 2641 Responsorum

156 2645 284 2730 probat.

245 2758 281 2816 of.
305 2775 397 2831 supra
420 2778 448 2834 p.
473 2758 545 2817 360.

246 2859 276 2922 2.
300 2856 338 2922 D.
353 2857 427 2922 ibid.
443 2859 462 2938 ξ
479 2860 507 2922 1.
529 2893 566 2903 -
587 2905 619 2923 ..
638 2857 791 2941 sinaris,
815 2879 896 2942 quae
920 2858 955 2921 in
973 2862 1174 2942 tempestate

157 2947 245 3011 iaetu
277 2947 429 3010 mercium
458 2946 552 3011 unius
581 2946 770 3011 mercatoris
801 2945 908 3010 lavata
940 2950 1004 3031 est,
1035 2947 1070 3011 in
1100 2948 1174 3014 alio

158 3034 230 3099 loco
258 3055 437 3099 summersa
467 3040 516 3099 est
539 3038 571 3098 et
595 3035 773 3119 aliquorum
801 3037 1018 3100 mercatorum
1046 3057 1174 3102 merces

156 3145 214 3208 per
236 3123 417 3188 urinatores
442 3126 602 3187 extractae
626 3124 701 3188 sunt
724 3122 800 3188 data
823 3124 984 3209 mercede,¹
1006 3125 1175 3190 rationem

158 3211 273 3276 haberi
283 3212 397 3276 debere
408 3210 485 3295 eius,
500 3211 589 3276 euius
605 3233 725 3278 merces
740 3211 773 3276 in
788 3212 996 3297 navigatione
1012 3213 1175 3280 levandae

158 3300 251 3363 navis
275 3321 371 3364 cansa
393 3300 496 3364 iactae
519 3305 609 3382 sunt,
637 3302 678 3366 ab
705 3301 771 3386 bis,
799 3301 853 3386 qui
881 3305 996 3385 postea
1024 3324 1082 3367 sua
1109 3325 1176 3387 per
1259 3307 1260 3312 ’

158 3388 338 3451 urinatores
354 3394 571 3472 servaverunt,
586 3388 725 3454 Sabinus
739 3411 839 3474 aeque
854 3390 1028 3473 respondit.
1049 3402 1175 3458 'eorum

158 3494 248 3557 vero,
280 3475 335 3557 qui
368 3476 414 3539 ita
448 3474 556 3560 <non>
583 3481 805 3561 servaverunt,
837 3478 972 3542 invicem
1005 3479 1176 3546 rationem

48 3650 51 3655 .
158 3558 271 3624 haberi
297 3583 362 3626 non
392 3562 506 3628 debere
530 3565 571 3630 ab
596 3587 643 3649 eo,
671 3565 725 3649 qui
752 3566 786 3629 in
812 3566 1017 3651 navigatione
1046 3568 1178 3634 iactum

1257 3621 1259 3660 .

1246 3787 1259 3849 ‚i
