<?xml version="1.0" encoding="UTF-8"?>
<!DOCTYPE html PUBLIC "-//W3C//DTD XHTML 1.0 Transitional//EN"
    "http://www.w3.org/TR/xhtml1/DTD/xhtml1-transitional.dtd">
<html xmlns="http://www.w3.org/1999/xhtml" xml:lang="en" lang="en">
 <head>
  <title>
</title>
<meta http-equiv="Content-Type" content="text/html;charset=utf-8" />
  <meta name='ocr-system' content='tesseract 3.04.00' />
  <meta name='ocr-capabilities' content='ocr_page ocr_carea ocr_par ocr_line ocrx_word'/>
</head>
<body>
  <div class='ocr_page' id='page_1' title='image "./iurisprudentiae04bremgoog_0568.png"; bbox 0 0 2508 3896; ppageno 0'>
   <div class='ocr_carea' id='block_1_1' title="bbox 144 174 1148 242">
    <p class='ocr_par' dir='ltr' id='par_1_1' title="bbox 144 174 1148 242">
     <span class='ocr_line' id='line_1_1' title="bbox 144 174 1148 242; baseline 0 -11"><span class='ocrx_word' id='word_1_1' title='bbox 144 177 209 242; x_wconf 78' lang='lat'><strong>580</strong></span> <span class='ocrx_word' id='word_1_2' title='bbox 245 177 279 233; x_wconf 88' lang='lat' dir='ltr'><strong>II.</strong></span> <span class='ocrx_word' id='word_1_3' title='bbox 302 175 369 233; x_wconf 84' lang='lat' dir='ltr'><strong>TIB.</strong></span> <span class='ocrx_word' id='word_1_4' title='bbox 394 175 471 229; x_wconf 82' lang='lat' dir='ltr'>GAIl</span> <span class='ocrx_word' id='word_1_5' title='bbox 494 176 623 232; x_wconf 80' lang='lat' dir='ltr'>GLAUD.</span> <span class='ocrx_word' id='word_1_6' title='bbox 647 176 782 233; x_wconf 82' lang='lat' dir='ltr'>NERON.</span> <span class='ocrx_word' id='word_1_7' title='bbox 807 176 913 232; x_wconf 80' lang='grc' dir='ltr'><strong>ΤΕΜΡ.</strong></span> <span class='ocrx_word' id='word_1_8' title='bbox 931 174 1027 232; x_wconf 85' lang='lat' dir='ltr'>IURIS</span> <span class='ocrx_word' id='word_1_9' title='bbox 1047 174 1148 232; x_wconf 79' lang='lat' dir='ltr'><strong>CONS.</strong></span> 
     </span>
    </p>
   </div>
   <div class='ocr_carea' id='block_1_2' title="bbox 142 337 1150 602">
    <p class='ocr_par' dir='ltr' id='par_1_2' title="bbox 142 337 1150 602">
     <span class='ocr_line' id='line_1_2' title="bbox 543 337 755 406; baseline 0.009 -14"><span class='ocrx_word' id='word_1_10' title='bbox 543 337 590 392; x_wconf 72' lang='lat' dir='ltr'><strong>Uti</strong></span> <span class='ocrx_word' id='word_1_11' title='bbox 604 337 755 406; x_wconf 77' lang='lat' dir='ltr'><strong>possidetis.</strong></span> 
     </span>
     <span class='ocr_line' id='line_1_3' title="bbox 231 425 1150 516; baseline 0 -24"><span class='ocrx_word' id='word_1_12' title='bbox 231 427 284 492; x_wconf 91' lang='grc'><strong>50.</strong></span> <span class='ocrx_word' id='word_1_13' title='bbox 308 427 375 493; x_wconf 84' lang='lat' dir='ltr'>Gai.</span> <span class='ocrx_word' id='word_1_14' title='bbox 389 428 420 511; x_wconf 83' lang='lat'><strong>4,</strong></span> <span class='ocrx_word' id='word_1_15' title='bbox 437 429 499 493; x_wconf 73' lang='lat'><strong>170</strong></span> <span class='ocrx_word' id='word_1_16' title='bbox 524 425 595 516; x_wconf 89' lang='lat' dir='ltr'>(ubi</span> <span class='ocrx_word' id='word_1_17' title='bbox 615 428 653 493; x_wconf 90' lang='lat' dir='ltr'><strong>de</strong></span> <span class='ocrx_word' id='word_1_18' title='bbox 671 429 843 494; x_wconf 84' lang='lat' dir='ltr'><strong>interdicto</strong></span> <span class='ocrx_word' id='word_1_19' title='bbox 863 427 1051 494; x_wconf 84' lang='lat' dir='ltr'><strong>secundario</strong></span> <span class='ocrx_word' id='word_1_20' title='bbox 1074 450 1150 493; x_wconf 86' lang='lat' dir='ltr'><strong>ner-</strong></span> 
     </span>
     <span class='ocr_line' id='line_1_4' title="bbox 142 512 1149 602; baseline 0 -22"><span class='ocrx_word' id='word_1_21' title='bbox 142 521 203 599; x_wconf 85' lang='lat' dir='ltr'><strong>rat,</strong></span> <span class='ocrx_word' id='word_1_22' title='bbox 220 520 371 582; x_wconf 84' lang='lat' dir='ltr'><strong>contextu</strong></span> <span class='ocrx_word' id='word_1_23' title='bbox 385 518 558 582; x_wconf 71' lang='lat' dir='ltr'><strong>maximam</strong></span> <span class='ocrx_word' id='word_1_24' title='bbox 573 520 699 600; x_wconf 83' lang='lat' dir='ltr'><strong>partem</strong></span> <span class='ocrx_word' id='word_1_25' title='bbox 714 517 818 582; x_wconf 84' lang='lat' dir='ltr'><strong>deleto</strong></span> <span class='ocrx_word' id='word_1_26' title='bbox 832 517 912 582; x_wconf 87' lang='lat' dir='ltr'><strong>haec</strong></span> <span class='ocrx_word' id='word_1_27' title='bbox 925 512 1093 602; x_wconf 79' lang='lat' dir='ltr'><strong>leguntur)</strong></span> <span class='ocrx_word' id='word_1_28' title='bbox 1109 553 1149 564; x_wconf 86' lang='lat'><strong>—-</strong></span> 
     </span>
    </p>
   </div>
   <div class='ocr_carea' id='block_1_3' title="bbox 142 603 1149 760">
    <p class='ocr_par' dir='ltr' id='par_1_3' title="bbox 142 603 1149 760">
     <span class='ocr_line' id='line_1_5' title="bbox 143 603 1149 758; baseline 0.002 -90"><span class='ocrx_word' id='word_1_29' title='bbox 143 605 289 758; x_wconf 68' lang='lat' dir='ltr'>quamfvis</span> <span class='ocrx_word' id='word_1_30' title='bbox 321 607 404 672; x_wconf 88' lang='lat' dir='ltr'>hanc</span> <span class='ocrx_word' id='word_1_31' title='bbox 431 606 615 690; x_wconf 86' lang='lat' dir='ltr'><strong>opinionem</strong></span> <span class='ocrx_word' id='word_1_32' title='bbox 643 644 686 653; x_wconf 94' lang='lat'>—</span> <span class='ocrx_word' id='word_1_33' title='bbox 715 605 855 671; x_wconf 83' lang='lat' dir='ltr'>Sabinus</span> <span class='ocrx_word' id='word_1_34' title='bbox 883 610 916 671; x_wconf 83' lang='lat' dir='ltr'><strong>et</strong></span> <span class='ocrx_word' id='word_1_35' title='bbox 943 603 1076 670; x_wconf 78' lang='lat' dir='ltr'>Cassius</span> <span class='ocrx_word' id='word_1_36' title='bbox 1105 627 1149 670; x_wconf 77' lang='lat' dir='ltr'><strong>se</strong></span> 
     </span>
     <span class='ocr_line' id='line_1_6' title="bbox 142 694 421 760; baseline 0.007 -3"><span class='ocrx_word' id='word_1_37' title='bbox 142 695 209 758; x_wconf 84' lang='lat' dir='ltr'><strong>cuti</strong></span> <span class='ocrx_word' id='word_1_38' title='bbox 247 694 352 760; x_wconf 85' lang='lat' dir='ltr'><strong>uerint</strong></span> <span class='ocrx_word' id='word_1_39' title='bbox 370 731 421 759; x_wconf 90' lang='lat'><strong>—-.</strong></span> 
     </span>
    </p>
   </div>
   <div class='ocr_carea' id='block_1_4' title="bbox 143 851 1148 1382">
    <p class='ocr_par' dir='ltr' id='par_1_4' title="bbox 433 851 856 922">
     <span class='ocr_line' id='line_1_7' title="bbox 433 851 856 922; baseline 0.002 -17"><span class='ocrx_word' id='word_1_40' title='bbox 433 852 477 906; x_wconf 84' lang='lat' dir='ltr'><strong>De</strong></span> <span class='ocrx_word' id='word_1_41' title='bbox 494 851 590 906; x_wconf 77' lang='lat' dir='ltr'><strong>itinere</strong></span> <span class='ocrx_word' id='word_1_42' title='bbox 608 857 723 922; x_wconf 68' lang='lat' dir='ltr'><strong>adauae</strong></span> <span class='ocrx_word' id='word_1_43' title='bbox 736 852 856 921; x_wconf 77' lang='lat' dir='ltr'><strong>private.</strong></span> 
     </span>
    </p>

    <p class='ocr_par' dir='ltr' id='par_1_5' title="bbox 143 941 1148 1382">
     <span class='ocr_line' id='line_1_8' title="bbox 232 941 1147 1025; baseline -0.002 -16"><span class='ocrx_word' id='word_1_44' title='bbox 232 943 283 1009; x_wconf 93' lang='grc'><strong>51.</strong></span> <span class='ocrx_word' id='word_1_45' title='bbox 316 942 355 1008; x_wconf 92' lang='lat' dir='ltr'><strong>D.</strong></span> <span class='ocrx_word' id='word_1_46' title='bbox 370 944 400 1023; x_wconf 84' lang='lat'><strong>8,</strong></span> <span class='ocrx_word' id='word_1_47' title='bbox 414 944 444 1017; x_wconf 85' lang='lat'><strong>6,</strong></span> <span class='ocrx_word' id='word_1_48' title='bbox 458 943 488 1008; x_wconf 81' lang='lat'><strong>2.</strong></span> <span class='ocrx_word' id='word_1_49' title='bbox 529 941 649 1008; x_wconf 86' lang='lat' dir='ltr'>Paulus</span> <span class='ocrx_word' id='word_1_50' title='bbox 672 943 756 1008; x_wconf 91' lang='lat' dir='ltr'><strong>libro</strong></span> <span class='ocrx_word' id='word_1_51' title='bbox 780 943 955 1008; x_wconf 85' lang='lat' dir='ltr'><strong>vicensimo</strong></span> <span class='ocrx_word' id='word_1_52' title='bbox 979 942 1085 1025; x_wconf 89' lang='lat' dir='ltr'><strong>primo</strong></span> <span class='ocrx_word' id='word_1_53' title='bbox 1109 943 1147 1007; x_wconf 86' lang='lat' dir='ltr'><strong>ad</strong></span> 
     </span>
     <span class='ocr_line' id='line_1_9' title="bbox 143 1029 1148 1118; baseline -0.001 -22"><span class='ocrx_word' id='word_1_54' title='bbox 143 1032 283 1096; x_wconf 85' lang='lat' dir='ltr'><strong>edietum</strong></span> <span class='ocrx_word' id='word_1_55' title='bbox 316 1031 364 1116; x_wconf 90' lang='lat' dir='ltr'><strong>(P.</strong></span> <span class='ocrx_word' id='word_1_56' title='bbox 387 1029 477 1118; x_wconf 80' lang='lat'>355).</span> <span class='ocrx_word' id='word_1_57' title='bbox 510 1067 553 1078; x_wconf 93' lang='lat'><em>-</em></span> <span class='ocrx_word' id='word_1_58' title='bbox 586 1029 649 1106; x_wconf 82' lang='lat' dir='ltr'><strong>Qui</strong></span> <span class='ocrx_word' id='word_1_59' title='bbox 679 1033 741 1096; x_wconf 85' lang='lat' dir='ltr'><strong>iter</strong></span> <span class='ocrx_word' id='word_1_60' title='bbox 773 1034 806 1096; x_wconf 79' lang='lat' dir='ltr'><strong>et</strong></span> <span class='ocrx_word' id='word_1_61' title='bbox 838 1037 945 1097; x_wconf 88' lang='lat' dir='ltr'><strong>actum</strong></span> <span class='ocrx_word' id='word_1_62' title='bbox 977 1030 1089 1115; x_wconf 81' lang='lat' dir='ltr'><strong>habel,</strong></span> <span class='ocrx_word' id='word_1_63' title='bbox 1120 1032 1148 1096; x_wconf 92' lang='lat' dir='ltr'>si</span> 
     </span>
     <span class='ocr_line' id='line_1_10' title="bbox 144 1118 1147 1205; baseline -0.001 -20"><span class='ocrx_word' id='word_1_64' title='bbox 144 1118 285 1186; x_wconf 81' lang='lat' dir='ltr'><strong>biennio²</strong></span> <span class='ocrx_word' id='word_1_65' title='bbox 308 1124 434 1186; x_wconf 83' lang='lat' dir='ltr'><strong>tanturn</strong></span> <span class='ocrx_word' id='word_1_66' title='bbox 459 1121 545 1204; x_wconf 87' lang='lat' dir='ltr'><strong>ierit,</strong></span> <span class='ocrx_word' id='word_1_67' title='bbox 569 1142 632 1185; x_wconf 94' lang='lat' dir='ltr'><strong>non</strong></span> <span class='ocrx_word' id='word_1_68' title='bbox 655 1121 778 1205; x_wconf 88' lang='lat' dir='ltr'><strong>perisse</strong></span> <span class='ocrx_word' id='word_1_69' title='bbox 800 1125 917 1204; x_wconf 84' lang='lat' dir='ltr'><strong>actum,</strong></span> <span class='ocrx_word' id='word_1_70' title='bbox 940 1119 997 1184; x_wconf 88' lang='lat' dir='ltr'><strong>sed</strong></span> <span class='ocrx_word' id='word_1_71' title='bbox 1020 1141 1147 1184; x_wconf 85' lang='lat' dir='ltr'><strong>manere</strong></span> 
     </span>
     <span class='ocr_line' id='line_1_11' title="bbox 143 1207 1147 1293; baseline -0.001 -19"><span class='ocrx_word' id='word_1_72' title='bbox 143 1209 282 1274; x_wconf 84' lang='lat' dir='ltr'>Sabinus</span> <span class='ocrx_word' id='word_1_73' title='bbox 302 1207 433 1275; x_wconf 82' lang='lat' dir='ltr'>Cassius</span> <span class='ocrx_word' id='word_1_74' title='bbox 453 1208 635 1276; x_wconf 81' lang='lat' dir='ltr'>Octauenus</span> <span class='ocrx_word' id='word_1_75' title='bbox 659 1209 764 1291; x_wconf 78' lang='lat' dir='ltr'>aiunt3</span> <span class='ocrx_word' id='word_1_76' title='bbox 787 1231 862 1274; x_wconf 91' lang='lat' dir='ltr'><strong>nam</strong></span> <span class='ocrx_word' id='word_1_77' title='bbox 880 1209 927 1274; x_wconf 89' lang='lat' dir='ltr'><strong>ire</strong></span> <span class='ocrx_word' id='word_1_78' title='bbox 945 1229 1075 1293; x_wconf 88' lang='lat' dir='ltr'><strong>quoque</strong></span> <span class='ocrx_word' id='word_1_79' title='bbox 1093 1230 1147 1293; x_wconf 89' lang='lat' dir='ltr'><strong>per</strong></span> 
     </span>
     <span class='ocr_line' id='line_1_12' title="bbox 145 1298 769 1382; baseline -0.002 -18"><span class='ocrx_word' id='word_1_80' title='bbox 145 1320 179 1364; x_wconf 87' lang='lat' dir='ltr'><strong>se</strong></span> <span class='ocrx_word' id='word_1_81' title='bbox 202 1320 276 1363; x_wconf 90' lang='lat' dir='ltr'><strong>eum</strong></span> <span class='ocrx_word' id='word_1_82' title='bbox 300 1320 395 1382; x_wconf 90' lang='lat' dir='ltr'>posse</span> <span class='ocrx_word' id='word_1_83' title='bbox 418 1298 474 1382; x_wconf 91' lang='lat' dir='ltr'><strong>qui</strong></span> <span class='ocrx_word' id='word_1_84' title='bbox 498 1302 604 1364; x_wconf 83' lang='lat' dir='ltr'><strong>actum</strong></span> <span class='ocrx_word' id='word_1_85' title='bbox 627 1298 769 1363; x_wconf 85' lang='lat' dir='ltr'><strong>haberet.</strong></span> 
     </span>
    </p>
   </div>
   <div class='ocr_carea' id='block_1_5' title="bbox 250 1454 1007 1526">
    <p class='ocr_par' dir='ltr' id='par_1_6' title="bbox 250 1454 1007 1526">
     <span class='ocr_line' id='line_1_13' title="bbox 250 1454 1007 1526; baseline -0.003 -17"><span class='ocrx_word' id='word_1_86' title='bbox 250 1499 253 1504; x_wconf 93' lang='lat'>.</span> <span class='ocrx_word' id='word_1_87' title='bbox 286 1454 365 1526; x_wconf 75' lang='lat' dir='ltr'><strong>Quod</strong></span> <span class='ocrx_word' id='word_1_88' title='bbox 383 1456 412 1509; x_wconf 83' lang='lat' dir='ltr'><strong>oi</strong></span> <span class='ocrx_word' id='word_1_89' title='bbox 430 1454 566 1510; x_wconf 80' lang='lat' dir='ltr'><strong>aulolum</strong></span> <span class='ocrx_word' id='word_1_90' title='bbox 584 1454 688 1522; x_wconf 78' lang='lat' dir='ltr'><strong>factum</strong></span> <span class='ocrx_word' id='word_1_91' title='bbox 706 1455 771 1522; x_wconf 85' lang='lat' dir='ltr'><strong>erit,</strong></span> <span class='ocrx_word' id='word_1_92' title='bbox 789 1461 821 1510; x_wconf 83' lang='lat' dir='ltr'><strong>ut</strong></span> <span class='ocrx_word' id='word_1_93' title='bbox 837 1456 1007 1509; x_wconf 74' lang='lat' dir='ltr'><strong>restituatur.</strong></span> 
     </span>
    </p>
   </div>
   <div class='ocr_carea' id='block_1_6' title="bbox 140 1545 1232 2252">
    <p class='ocr_par' dir='ltr' id='par_1_7' title="bbox 140 1545 1150 2144">
     <span class='ocr_line' id='line_1_14' title="bbox 230 1545 1148 1632; baseline 0 -20"><span class='ocrx_word' id='word_1_94' title='bbox 230 1545 283 1612; x_wconf 80' lang='grc'><strong>52.</strong></span> <span class='ocrx_word' id='word_1_95' title='bbox 305 1546 345 1612; x_wconf 90' lang='lat' dir='ltr'><strong>D.</strong></span> <span class='ocrx_word' id='word_1_96' title='bbox 359 1547 412 1628; x_wconf 86' lang='lat'><strong>43,</strong></span> <span class='ocrx_word' id='word_1_97' title='bbox 426 1547 478 1630; x_wconf 79' lang='lat'><strong>24,</strong></span> <span class='ocrx_word' id='word_1_98' title='bbox 493 1546 523 1632; x_wconf 91' lang='grc'><strong>3,</strong></span> <span class='ocrx_word' id='word_1_99' title='bbox 536 1546 566 1613; x_wconf 86' lang='grc'><strong>5.</strong></span> <span class='ocrx_word' id='word_1_100' title='bbox 607 1545 766 1631; x_wconf 82' lang='lat' dir='ltr'>Ulpianus</span> <span class='ocrx_word' id='word_1_101' title='bbox 784 1546 868 1611; x_wconf 90' lang='lat' dir='ltr'><strong>libro</strong></span> <span class='ocrx_word' id='word_1_102' title='bbox 888 1547 1148 1632; x_wconf 84' lang='lat' dir='ltr'><strong>septuagensimo</strong></span> 
     </span>
     <span class='ocr_line' id='line_1_15' title="bbox 141 1633 1149 1721; baseline -0.001 -20"><span class='ocrx_word' id='word_1_103' title='bbox 141 1637 248 1720; x_wconf 89' lang='lat' dir='ltr'><strong>primo</strong></span> <span class='ocrx_word' id='word_1_104' title='bbox 276 1635 316 1700; x_wconf 85' lang='lat' dir='ltr'><strong>ed</strong></span> <span class='ocrx_word' id='word_1_105' title='bbox 344 1635 483 1700; x_wconf 84' lang='lat' dir='ltr'><strong>edictum</strong></span> <span class='ocrx_word' id='word_1_106' title='bbox 512 1633 559 1721; x_wconf 92' lang='lat' dir='ltr'><strong>(P.</strong></span> <span class='ocrx_word' id='word_1_107' title='bbox 581 1633 688 1721; x_wconf 81' lang='grc'><strong>1592).</strong></span> <span class='ocrx_word' id='word_1_108' title='bbox 719 1672 757 1684; x_wconf 93' lang='lat'><em>-</em></span> <span class='ocrx_word' id='word_1_109' title='bbox 784 1633 818 1700; x_wconf 86' lang='lat' dir='ltr'><strong>Si</strong></span> <span class='ocrx_word' id='word_1_110' title='bbox 846 1634 918 1719; x_wconf 90' lang='lat' dir='ltr'>quis</span> <span class='ocrx_word' id='word_1_111' title='bbox 946 1639 1080 1718; x_wconf 88' lang='lat' dir='ltr'>paratus</span> <span class='ocrx_word' id='word_1_112' title='bbox 1108 1635 1149 1700; x_wconf 84' lang='lat' dir='ltr'><strong>sit</strong></span> 
     </span>
     <span class='ocr_line' id='line_1_16' title="bbox 142 1723 1148 1808; baseline -0.002 -18"><span class='ocrx_word' id='word_1_113' title='bbox 142 1746 177 1790; x_wconf 87' lang='lat' dir='ltr'><strong>se</strong></span> <span class='ocrx_word' id='word_1_114' title='bbox 204 1723 319 1790; x_wconf 90' lang='lat' dir='ltr'><strong>iudicio</strong></span> <span class='ocrx_word' id='word_1_115' title='bbox 348 1724 516 1790; x_wconf 80' lang='lat' dir='ltr'><strong>defendere</strong></span> <span class='ocrx_word' id='word_1_116' title='bbox 544 1724 696 1790; x_wconf 86' lang='lat' dir='ltr'><strong>adversus</strong></span> <span class='ocrx_word' id='word_1_117' title='bbox 719 1746 788 1808; x_wconf 89' lang='lat' dir='ltr'><strong>eos,</strong></span> <span class='ocrx_word' id='word_1_118' title='bbox 817 1725 871 1808; x_wconf 93' lang='lat' dir='ltr'><strong>qui</strong></span> <span class='ocrx_word' id='word_1_119' title='bbox 894 1723 1148 1789; x_wconf 80' lang='lat' dir='ltr'><strong>interdicendum</strong></span> 
     </span>
     <span class='ocr_line' id='line_1_17' title="bbox 140 1812 1148 1897; baseline -0.001 -19"><span class='ocrx_word' id='word_1_120' title='bbox 140 1817 272 1897; x_wconf 81' lang='lat' dir='ltr'><strong>putent,</strong></span> <span class='ocrx_word' id='word_1_121' title='bbox 297 1835 338 1878; x_wconf 90' lang='lat' dir='ltr'><strong>ne</strong></span> <span class='ocrx_word' id='word_1_122' title='bbox 361 1835 441 1897; x_wconf 90' lang='lat' dir='ltr'>opus</span> <span class='ocrx_word' id='word_1_123' title='bbox 464 1813 535 1877; x_wconf 71' lang='lat' dir='ltr'><strong>fiale</strong></span> <span class='ocrx_word' id='word_1_124' title='bbox 565 1835 606 1876; x_wconf 90' lang='lat' dir='ltr'><strong>an</strong></span> <span class='ocrx_word' id='word_1_125' title='bbox 629 1814 775 1878; x_wconf 80' lang='lat' dir='ltr'><strong>videatur</strong></span> <span class='ocrx_word' id='word_1_126' title='bbox 798 1813 942 1877; x_wconf 90' lang='lat' dir='ltr'><strong>desinere</strong></span> <span class='ocrx_word' id='word_1_127' title='bbox 966 1813 999 1877; x_wconf 83' lang='lat' dir='ltr'><strong>vi</strong></span> <span class='ocrx_word' id='word_1_128' title='bbox 1022 1812 1148 1878; x_wconf 80' lang='lat' dir='ltr'><strong>iecere?</strong></span> 
     </span>
     <span class='ocr_line' id='line_1_18' title="bbox 141 1901 1150 1988; baseline 0.002 -24"><span class='ocrx_word' id='word_1_129' title='bbox 141 1904 174 1964; x_wconf 79' lang='lat' dir='ltr'><strong>et</strong></span> <span class='ocrx_word' id='word_1_130' title='bbox 206 1903 309 1986; x_wconf 81' lang='lat' dir='ltr'>magis</span> <span class='ocrx_word' id='word_1_131' title='bbox 342 1904 405 1988; x_wconf 78' lang='lat' dir='ltr'><strong>est,</strong></span> <span class='ocrx_word' id='word_1_132' title='bbox 436 1904 473 1967; x_wconf 82' lang='lat' dir='ltr'><strong>ut</strong></span> <span class='ocrx_word' id='word_1_133' title='bbox 504 1902 641 1986; x_wconf 82' lang='lat' dir='ltr'><strong>desinat,</strong></span> <span class='ocrx_word' id='word_1_134' title='bbox 674 1903 702 1967; x_wconf 94' lang='lat' dir='ltr'>si</span> <span class='ocrx_word' id='word_1_135' title='bbox 734 1902 829 1967; x_wconf 91' lang='lat' dir='ltr'><strong>modo</strong></span> <span class='ocrx_word' id='word_1_136' title='bbox 864 1901 943 1966; x_wconf 84' lang='lat' dir='ltr'>setis</span> <span class='ocrx_word' id='word_1_137' title='bbox 977 1901 1092 1967; x_wconf 83' lang='lat' dir='ltr'><strong>offerat</strong></span> <span class='ocrx_word' id='word_1_138' title='bbox 1118 1905 1150 1966; x_wconf 76' lang='lat' dir='ltr'><strong>et</strong></span> 
     </span>
     <span class='ocr_line' id='line_1_19' title="bbox 140 1985 1148 2077; baseline 0.003 -24"><span class='ocrx_word' id='word_1_139' title='bbox 140 1989 308 2055; x_wconf 87' lang='lat' dir='ltr'><strong>defendere</strong></span> <span class='ocrx_word' id='word_1_140' title='bbox 335 1995 467 2075; x_wconf 76' lang='lat' dir='ltr'>paratus</span> <span class='ocrx_word' id='word_1_141' title='bbox 496 1993 559 2077; x_wconf 83' lang='lat' dir='ltr'><strong>est,</strong></span> <span class='ocrx_word' id='word_1_142' title='bbox 592 1991 619 2056; x_wconf 90' lang='lat' dir='ltr'>si</span> <span class='ocrx_word' id='word_1_143' title='bbox 647 1991 719 2075; x_wconf 85' lang='lat' dir='ltr'>quis</span> <span class='ocrx_word' id='word_1_144' title='bbox 749 1993 840 2076; x_wconf 78' lang='lat' dir='ltr'><strong>egat3</strong></span> <span class='ocrx_word' id='word_1_145' title='bbox 872 1993 903 2054; x_wconf 83' lang='lat' dir='ltr'><strong>et</strong></span> <span class='ocrx_word' id='word_1_146' title='bbox 934 1989 981 2054; x_wconf 82' lang='lat' dir='ltr'><strong>ita</strong></span> <span class='ocrx_word' id='word_1_147' title='bbox 1009 1985 1148 2056; x_wconf 86' lang='lat' dir='ltr'>Sabinus</span> 
     </span>
     <span class='ocr_line' id='line_1_20' title="bbox 140 2079 263 2144; baseline 0.008 -1"><span class='ocrx_word' id='word_1_148' title='bbox 140 2079 263 2144; x_wconf 75' lang='lat' dir='ltr'>scribit.</span> 
     </span>
    </p>

    <p class='ocr_par' dir='ltr' id='par_1_8' title="bbox 230 2164 1232 2252">
     <span class='ocr_line' id='line_1_21' title="bbox 230 2164 1232 2252; baseline -0.001 -21"><span class='ocrx_word' id='word_1_149' title='bbox 230 2167 282 2231; x_wconf 83' lang='lat'><strong>53.</strong></span> <span class='ocrx_word' id='word_1_150' title='bbox 311 2164 349 2231; x_wconf 91' lang='lat' dir='ltr'><strong>D.</strong></span> <span class='ocrx_word' id='word_1_151' title='bbox 359 2166 412 2249; x_wconf 85' lang='lat'><strong>43,</strong></span> <span class='ocrx_word' id='word_1_152' title='bbox 421 2167 475 2251; x_wconf 84' lang='lat'><strong>24,</strong></span> <span class='ocrx_word' id='word_1_153' title='bbox 487 2168 536 2231; x_wconf 85' lang='lat'><strong>19.</strong></span> <span class='ocrx_word' id='word_1_154' title='bbox 577 2165 739 2250; x_wconf 87' lang='lat' dir='ltr'>Ulpianus</span> <span class='ocrx_word' id='word_1_155' title='bbox 759 2167 841 2232; x_wconf 92' lang='lat' dir='ltr'><strong>libro</strong></span> <span class='ocrx_word' id='word_1_156' title='bbox 862 2167 1147 2252; x_wconf 81' lang='lat' dir='ltr'>quinquagensimo</span> <span class='ocrx_word' id='word_1_157' title='bbox 1225 2175 1232 2180; x_wconf 90' lang='lat'>&#39;</span> 
     </span>
    </p>
   </div>
   <div class='ocr_carea' id='block_1_7' title="bbox 139 2251 1149 2498">
    <p class='ocr_par' dir='ltr' id='par_1_9' title="bbox 139 2251 1149 2498">
     <span class='ocr_line' id='line_1_22' title="bbox 141 2251 1147 2342; baseline -0.001 -22"><span class='ocrx_word' id='word_1_158' title='bbox 141 2255 279 2338; x_wconf 87' lang='lat' dir='ltr'><strong>septimo</strong></span> <span class='ocrx_word' id='word_1_159' title='bbox 311 2255 351 2319; x_wconf 81' lang='lat' dir='ltr'><strong>ad</strong></span> <span class='ocrx_word' id='word_1_160' title='bbox 380 2256 518 2320; x_wconf 84' lang='lat' dir='ltr'><strong>edictum</strong></span> <span class='ocrx_word' id='word_1_161' title='bbox 547 2251 596 2342; x_wconf 88' lang='lat' dir='ltr'><strong>(P.</strong></span> <span class='ocrx_word' id='word_1_162' title='bbox 612 2256 726 2340; x_wconf 74' lang='lat'>1367).</span> <span class='ocrx_word' id='word_1_163' title='bbox 757 2293 795 2302; x_wconf 99' lang='lat'>—</span> <span class='ocrx_word' id='word_1_164' title='bbox 823 2253 1036 2320; x_wconf 78' lang='lat' dir='ltr'><strong>Interdictum</strong></span> <span class='ocrx_word' id='word_1_165' title='bbox 1064 2255 1147 2340; x_wconf 92' lang='lat' dir='ltr'><strong>quod</strong></span> 
     </span>
     <span class='ocr_line' id='line_1_23' title="bbox 139 2343 1149 2428; baseline 0 -19"><span class='ocrx_word' id='word_1_166' title='bbox 139 2345 172 2409; x_wconf 84' lang='lat' dir='ltr'><strong>vi</strong></span> <span class='ocrx_word' id='word_1_167' title='bbox 201 2349 257 2409; x_wconf 81' lang='lat' dir='ltr'><strong>aut</strong></span> <span class='ocrx_word' id='word_1_168' title='bbox 284 2343 366 2409; x_wconf 91' lang='lat' dir='ltr'><strong>clam</strong></span> <span class='ocrx_word' id='word_1_169' title='bbox 396 2347 576 2427; x_wconf 81' lang='lat' dir='ltr'><strong>competere</strong></span> <span class='ocrx_word' id='word_1_170' title='bbox 605 2345 668 2428; x_wconf 86' lang='lat' dir='ltr'><strong>&lt;a&gt;</strong></span> <span class='ocrx_word' id='word_1_171' title='bbox 696 2345 763 2408; x_wconf 89' lang='lat' dir='ltr'><strong>filio</strong></span> <span class='ocrx_word' id='word_1_172' title='bbox 792 2344 933 2408; x_wconf 83' lang='lat' dir='ltr'>familias</span> <span class='ocrx_word' id='word_1_173' title='bbox 964 2345 1079 2409; x_wconf 92' lang='lat' dir='ltr'><strong>colono</strong></span> <span class='ocrx_word' id='word_1_174' title='bbox 1103 2367 1149 2409; x_wconf 86' lang='lat' dir='ltr'><strong>ar·</strong></span> 
     </span>
     <span class='ocr_line' id='line_1_24' title="bbox 141 2431 670 2498; baseline -0.002 0"><span class='ocrx_word' id='word_1_175' title='bbox 141 2433 273 2498; x_wconf 87' lang='lat' dir='ltr'><strong>boribus</strong></span> <span class='ocrx_word' id='word_1_176' title='bbox 298 2433 429 2498; x_wconf 81' lang='lat' dir='ltr'>succisis</span> <span class='ocrx_word' id='word_1_177' title='bbox 453 2431 591 2497; x_wconf 86' lang='lat' dir='ltr'>Sabinus</span> <span class='ocrx_word' id='word_1_178' title='bbox 614 2434 670 2498; x_wconf 81' lang='lat' dir='ltr'><strong>uit.</strong></span> 
     </span>
    </p>
   </div>
   <div class='ocr_carea' id='block_1_8' title="bbox 549 2590 743 2658">
    <p class='ocr_par' dir='ltr' id='par_1_10' title="bbox 549 2590 743 2658">
     <span class='ocr_line' id='line_1_25' title="bbox 549 2590 743 2658; baseline 0.01 -14"><span class='ocrx_word' id='word_1_179' title='bbox 549 2590 592 2645; x_wconf 87' lang='lat' dir='ltr'><strong>De</strong></span> <span class='ocrx_word' id='word_1_180' title='bbox 607 2592 743 2658; x_wconf 65' lang='lat' dir='ltr'><strong>mecurio.</strong></span> 
     </span>
    </p>
   </div>
   <div class='ocr_carea' id='block_1_9' title="bbox 139 2680 1149 3387">
    <p class='ocr_par' dir='ltr' id='par_1_11' title="bbox 139 2680 1149 3299">
     <span class='ocr_line' id='line_1_26' title="bbox 229 2680 1149 2766; baseline -0.003 -19"><span class='ocrx_word' id='word_1_181' title='bbox 229 2683 281 2747; x_wconf 91' lang='grc'><strong>54.</strong></span> <span class='ocrx_word' id='word_1_182' title='bbox 313 2681 353 2746; x_wconf 90' lang='lat' dir='ltr'><strong>D.</strong></span> <span class='ocrx_word' id='word_1_183' title='bbox 367 2681 420 2764; x_wconf 92' lang='grc'><strong>41,</strong></span> <span class='ocrx_word' id='word_1_184' title='bbox 435 2683 464 2765; x_wconf 81' lang='lat'><strong>2,</strong></span> <span class='ocrx_word' id='word_1_185' title='bbox 479 2683 509 2763; x_wconf 87' lang='grc'><strong>3,</strong></span> <span class='ocrx_word' id='word_1_186' title='bbox 523 2682 552 2746; x_wconf 91' lang='grc'><strong>5.</strong></span> <span class='ocrx_word' id='word_1_187' title='bbox 597 2680 717 2746; x_wconf 85' lang='lat' dir='ltr'>Paulus</span> <span class='ocrx_word' id='word_1_188' title='bbox 746 2681 829 2747; x_wconf 90' lang='lat' dir='ltr'><strong>libro</strong></span> <span class='ocrx_word' id='word_1_189' title='bbox 858 2682 1149 2766; x_wconf 83' lang='lat' dir='ltr'><strong>quinquagensimo</strong></span> 
     </span>
     <span class='ocr_line' id='line_1_27' title="bbox 139 2769 1149 2857; baseline -0.001 -22"><span class='ocrx_word' id='word_1_190' title='bbox 139 2774 256 2854; x_wconf 74' lang='lat' dir='ltr'><strong>quarto</strong></span> <span class='ocrx_word' id='word_1_191' title='bbox 280 2771 320 2834; x_wconf 88' lang='lat' dir='ltr'><strong>ad</strong></span> <span class='ocrx_word' id='word_1_192' title='bbox 344 2771 482 2836; x_wconf 87' lang='lat' dir='ltr'><strong>edictum</strong></span> <span class='ocrx_word' id='word_1_193' title='bbox 501 2769 549 2857; x_wconf 81' lang='lat' dir='ltr'><strong>(P.</strong></span> <span class='ocrx_word' id='word_1_194' title='bbox 565 2769 667 2855; x_wconf 69' lang='lat'>658⁸).</span> <span class='ocrx_word' id='word_1_195' title='bbox 689 2806 726 2816; x_wconf 96' lang='lat'><strong>—</strong></span> <span class='ocrx_word' id='word_1_196' title='bbox 748 2819 774 2836; x_wconf 93' lang='lat'><strong>..</strong></span> <span class='ocrx_word' id='word_1_197' title='bbox 796 2770 905 2856; x_wconf 88' lang='lat' dir='ltr'><strong>plures</strong></span> <span class='ocrx_word' id='word_1_198' title='bbox 929 2775 1064 2835; x_wconf 89' lang='lat' dir='ltr'><strong>eandem</strong></span> <span class='ocrx_word' id='word_1_199' title='bbox 1081 2791 1149 2834; x_wconf 90' lang='lat' dir='ltr'><strong>rem</strong></span> 
     </span>
     <span class='ocr_line' id='line_1_28' title="bbox 139 2855 1146 2943; baseline 0 -21"><span class='ocrx_word' id='word_1_200' title='bbox 139 2861 175 2923; x_wconf 92' lang='lat' dir='ltr'><strong>in</strong></span> <span class='ocrx_word' id='word_1_201' title='bbox 198 2859 337 2924; x_wconf 89' lang='lat' dir='ltr'><strong>solidum</strong></span> <span class='ocrx_word' id='word_1_202' title='bbox 360 2859 523 2943; x_wconf 89' lang='lat' dir='ltr'><strong>possidere</strong></span> <span class='ocrx_word' id='word_1_203' title='bbox 547 2879 612 2922; x_wconf 91' lang='lat' dir='ltr'><strong>non</strong></span> <span class='ocrx_word' id='word_1_204' title='bbox 636 2862 785 2942; x_wconf 77' lang='lat' dir='ltr'>possunt:</span> <span class='ocrx_word' id='word_1_205' title='bbox 876 2855 1014 2924; x_wconf 80' lang='lat' dir='ltr'>Sabinus</span> <span class='ocrx_word' id='word_1_206' title='bbox 1039 2869 1146 2924; x_wconf 85' lang='lat' dir='ltr'><strong>temen</strong></span> 
     </span>
     <span class='ocr_line' id='line_1_29' title="bbox 141 2947 1149 3036; baseline -0.002 -24"><span class='ocrx_word' id='word_1_207' title='bbox 141 2948 253 3013; x_wconf 81' lang='lat' dir='ltr'>scribit</span> <span class='ocrx_word' id='word_1_208' title='bbox 280 2970 352 3013; x_wconf 91' lang='lat' dir='ltr'><strong>eum</strong></span> <span class='ocrx_word' id='word_1_209' title='bbox 384 2950 439 3032; x_wconf 92' lang='lat' dir='ltr'><strong>qui</strong></span> <span class='ocrx_word' id='word_1_210' title='bbox 466 2947 611 3032; x_wconf 89' lang='lat' dir='ltr'><strong>precario</strong></span> <span class='ocrx_word' id='word_1_211' title='bbox 641 2947 763 3014; x_wconf 84' lang='lat' dir='ltr'><strong>dederit</strong></span> <span class='ocrx_word' id='word_1_212' title='bbox 790 2953 823 3011; x_wconf 86' lang='lat' dir='ltr'><strong>et</strong></span> <span class='ocrx_word' id='word_1_213' title='bbox 850 2949 959 3033; x_wconf 87' lang='lat' dir='ltr'>ipsum</span> <span class='ocrx_word' id='word_1_214' title='bbox 984 2947 1149 3036; x_wconf 80' lang='lat' dir='ltr'><strong>possidere</strong></span> 
     </span>
     <span class='ocr_line' id='line_1_30' title="bbox 139 3035 1149 3122; baseline 0 -22"><span class='ocrx_word' id='word_1_215' title='bbox 139 3040 173 3100; x_wconf 80' lang='lat' dir='ltr'><strong>et</strong></span> <span class='ocrx_word' id='word_1_216' title='bbox 203 3059 275 3102; x_wconf 90' lang='lat' dir='ltr'><strong>eum</strong></span> <span class='ocrx_word' id='word_1_217' title='bbox 304 3037 359 3122; x_wconf 91' lang='lat' dir='ltr'><strong>qui</strong></span> <span class='ocrx_word' id='word_1_218' title='bbox 386 3036 530 3121; x_wconf 89' lang='lat' dir='ltr'><strong>precario</strong></span> <span class='ocrx_word' id='word_1_219' title='bbox 560 3037 726 3119; x_wconf 86' lang='lat' dir='ltr'><strong>acceperit.</strong></span> <span class='ocrx_word' id='word_1_220' title='bbox 776 3036 860 3100; x_wconf 93' lang='lat' dir='ltr'><strong>idem</strong></span> <span class='ocrx_word' id='word_1_221' title='bbox 889 3035 1049 3101; x_wconf 83' lang='lat' dir='ltr'>Tubatins</span> <span class='ocrx_word' id='word_1_222' title='bbox 1076 3057 1149 3120; x_wconf 89' lang='lat' dir='ltr'><strong>pro·</strong></span> 
     </span>
     <span class='ocr_line' id='line_1_31' title="bbox 139 3125 1149 3211; baseline -0.001 -22"><span class='ocrx_word' id='word_1_223' title='bbox 139 3125 241 3189; x_wconf 84' lang='lat' dir='ltr'><strong>babet</strong></span> <span class='ocrx_word' id='word_1_224' title='bbox 272 3127 459 3191; x_wconf 85' lang='lat' dir='ltr'>existimaus</span> <span class='ocrx_word' id='word_1_225' title='bbox 494 3147 590 3211; x_wconf 89' lang='lat' dir='ltr'><strong>posse</strong></span> <span class='ocrx_word' id='word_1_226' title='bbox 625 3125 726 3190; x_wconf 84' lang='lat' dir='ltr'>alium</span> <span class='ocrx_word' id='word_1_227' title='bbox 760 3125 858 3207; x_wconf 86' lang='lat' dir='ltr'><strong>iuste,</strong></span> <span class='ocrx_word' id='word_1_228' title='bbox 895 3126 994 3189; x_wconf 85' lang='lat' dir='ltr'>alium</span> <span class='ocrx_word' id='word_1_229' title='bbox 1030 3125 1149 3190; x_wconf 81' lang='lat' dir='ltr'><strong>iniuste</strong></span> 
     </span>
     <span class='ocr_line' id='line_1_32' title="bbox 139 3212 932 3299; baseline 0 -21"><span class='ocrx_word' id='word_1_230' title='bbox 139 3213 305 3296; x_wconf 87' lang='lat' dir='ltr'><strong>possidere</strong></span> <span class='ocrx_word' id='word_1_231' title='bbox 325 3263 389 3294; x_wconf 88' lang='lat'><strong>...,</strong></span> <span class='ocrx_word' id='word_1_232' title='bbox 410 3236 503 3299; x_wconf 91' lang='lat' dir='ltr'><strong>quem</strong></span> <span class='ocrx_word' id='word_1_233' title='bbox 526 3213 633 3278; x_wconf 85' lang='lat' dir='ltr'><strong>Labeo</strong></span> <span class='ocrx_word' id='word_1_234' title='bbox 657 3212 862 3299; x_wconf 81' lang='lat' dir='ltr'><strong>reprehendit</strong></span> <span class='ocrx_word' id='word_1_235' title='bbox 881 3263 887 3277; x_wconf 93' lang='lat'><strong>.</strong></span> <span class='ocrx_word' id='word_1_236' title='bbox 903 3262 932 3279; x_wconf 93' lang='lat'><strong>..</strong></span> 
     </span>
    </p>

    <p class='ocr_par' dir='ltr' id='par_1_12' title="bbox 229 3299 1147 3387">
     <span class='ocr_line' id='line_1_33' title="bbox 229 3299 1147 3387; baseline 0 -22"><span class='ocrx_word' id='word_1_237' title='bbox 229 3301 282 3366; x_wconf 83' lang='grc'><strong>55.</strong></span> <span class='ocrx_word' id='word_1_238' title='bbox 310 3301 349 3366; x_wconf 89' lang='lat' dir='ltr'><strong>D.</strong></span> <span class='ocrx_word' id='word_1_239' title='bbox 359 3303 474 3385; x_wconf 83' lang='lat'><strong>43,26,</strong></span> <span class='ocrx_word' id='word_1_240' title='bbox 484 3303 554 3384; x_wconf 84' lang='lat'><strong>8,1.</strong></span> <span class='ocrx_word' id='word_1_241' title='bbox 594 3299 755 3386; x_wconf 85' lang='lat' dir='ltr'>Ulpianus</span> <span class='ocrx_word' id='word_1_242' title='bbox 777 3301 861 3367; x_wconf 89' lang='lat' dir='ltr'><strong>libro</strong></span> <span class='ocrx_word' id='word_1_243' title='bbox 886 3303 1147 3387; x_wconf 80' lang='lat' dir='ltr'><strong>septuagensimo</strong></span> 
     </span>
    </p>
   </div>
   <div class='ocr_carea' id='block_1_10' title="bbox 140 3387 1252 3476">
    <p class='ocr_par' dir='ltr' id='par_1_13' title="bbox 140 3387 1252 3476">
     <span class='ocr_line' id='line_1_34' title="bbox 140 3387 1252 3476; baseline -0.001 -23"><span class='ocrx_word' id='word_1_244' title='bbox 140 3387 244 3468; x_wconf 89' lang='lat' dir='ltr'><strong>primo</strong></span> <span class='ocrx_word' id='word_1_245' title='bbox 264 3389 305 3453; x_wconf 88' lang='lat' dir='ltr'><strong>ad</strong></span> <span class='ocrx_word' id='word_1_246' title='bbox 324 3390 463 3455; x_wconf 85' lang='lat' dir='ltr'><strong>edictum</strong></span> <span class='ocrx_word' id='word_1_247' title='bbox 482 3390 531 3474; x_wconf 90' lang='lat' dir='ltr'><strong>(P.</strong></span> <span class='ocrx_word' id='word_1_248' title='bbox 544 3388 670 3476; x_wconf 57' lang='lat' dir='ltr'><strong>lectt).</strong></span> <span class='ocrx_word' id='word_1_249' title='bbox 691 3427 728 3437; x_wconf 91' lang='lat'>—</span> <span class='ocrx_word' id='word_1_250' title='bbox 752 3389 842 3466; x_wconf 85' lang='lat' dir='ltr'><strong>Quod</strong></span> <span class='ocrx_word' id='word_1_251' title='bbox 862 3412 881 3454; x_wconf 87' lang='lat' dir='ltr'>a</span> <span class='ocrx_word' id='word_1_252' title='bbox 900 3389 984 3455; x_wconf 82' lang='lat' dir='ltr'><strong>Titio</strong></span> <span class='ocrx_word' id='word_1_253' title='bbox 1003 3390 1146 3476; x_wconf 89' lang='lat' dir='ltr'><strong>precario</strong></span> <span class='ocrx_word' id='word_1_254' title='bbox 1250 3409 1252 3444; x_wconf 78' lang='lat'><em>³</em></span> 
     </span>
    </p>
   </div>
   <div class='ocr_carea' id='block_1_11' title="bbox 212 3543 604 3613">
    <p class='ocr_par' dir='ltr' id='par_1_14' title="bbox 212 3543 604 3613">
     <span class='ocr_line' id='line_1_35' title="bbox 212 3543 604 3613; baseline 0.018 -20"><span class='ocrx_word' id='word_1_255' title='bbox 212 3548 225 3593; x_wconf 91' lang='lat'>1</span> <span class='ocrx_word' id='word_1_256' title='bbox 249 3543 323 3598; x_wconf 75' lang='lat' dir='ltr'><strong>Trio.</strong></span> <span class='ocrx_word' id='word_1_257' title='bbox 343 3544 451 3597; x_wconf 79' lang='lat' dir='ltr'><strong>statuto</strong></span> <span class='ocrx_word' id='word_1_258' title='bbox 470 3545 604 3613; x_wconf 85' lang='lat' dir='ltr'><strong>tempore.</strong></span> 
     </span>
    </p>
   </div>
   <div class='ocr_carea' id='block_1_12' title="bbox 0 0 1258 3896">
    <p class='ocr_par' dir='ltr' id='par_1_15' title="bbox 0 0 1258 3896">
     <span class='ocr_line' id='line_1_36' title="bbox 0 0 1258 3896; baseline 0 0"><span class='ocrx_word' id='word_1_259' title='bbox 0 0 1258 3896; x_wconf 95' lang='lat' dir='ltr'><strong> </strong></span> 
     </span>
    </p>
   </div>
  </div>
 </body>
</html>
