2550 3888
140 177 184 241 20
220 176 241 233 Ι.
265 174 419 260 ΑΕΤᾼΤΙΒ
438 173 598 230 AUGUSTI
622 173 668 228 ΕΤ
690 159 833 228 Tisnsn'
849 172 947 228 IURIS
972 170 1155 227 CONSULTI

140 345 234 404 sirei
256 343 469 420 impedimento
493 344 573 402 esset
596 333 687 420 (quse
706 341 807 419 verbe,
831 360 1010 418 quamquam
1029 339 1155 416 Ulpiani

142 436 226 512 sunt,
257 433 352 492 nihilo
383 432 483 491 minus
510 431 615 490 eedem
641 429 790 490 Labeonis
816 432 948 490 mentem
975 422 1155 511 declarent),

75 525 77 530 '
143 527 174 582 et
200 524 330 582 tutorem
360 520 425 579 dari
451 537 539 597 posse
567 519 657 579 etiem
686 522 755 579 unte
781 519 899 578 heredis
921 518 1154 596 institutionem,

142 605 241 689 *quod
280 609 358 668 nihil
398 629 434 669 ex
473 607 640 668 hereditate
682 600 826 686 erogetur
866 608 977 667 tutoris
1018 600 1154 667 datione'

145 699 224 760 Gai.
240 699 271 758 Il
287 701 375 759 2313
1041 759 1043 768 Α

143 694 155 778 (
232 788 306 864 „Die
321 689 530 863 Sorbilderung,
548 785 660 844 welche
675 785 859 860 Pomponius
876 803 935 846 von
954 785 1022 844 dem
1035 785 1159 845 wissen—
1182 830 1185 834 .

144 877 341 938 soheftliohsn
370 875 537 936 Ohurslrter
563 873 678 933 Lebeos
706 875 854 951 entwirft,
882 874 997 935 stimmt
1024 873 1065 932 im
1092 873 1157 934 All-

142 965 297 1043 gemeinen
320 985 358 1024 zu
380 965 449 1024 <iem
471 963 570 1037 Biloe,
597 962 650 1022 des
672 962 728 1022 wir
751 981 807 1022 sus
831 965 931 1022 seinen
954 963 1156 1039 Fragmenten

143 1055 308 1132 gewinuen.
352 1053 396 1112 Er
420 1052 490 1112 tritt
514 1051 566 1111 der
584 1047 837 1128 Uebsrliefernng
859 1052 976 1112 kthuor
999 1054 1156 1129 entgegen,

144 1145 189 1204 als
217 1143 265 1202 die
292 1131 575 1218 republilrsnisohen
597 1139 748 1219 Juristen,
775 1159 863 1202 wenn
890 1141 967 1200 'suoh
993 1140 1078 1200 nicht
1105 1142 1160 1200 suf

145 1231 250 1293 Grund
286 1232 368 1292 einer
400 1229 574 1292 wesentlioh
605 1247 703 1288 neuen
735 1229 887 1306 Method03
924 1248 956 1289 er
988 1231 1077 1289 suoht
1109 1230 1156 1288 die

144 1320 395 1381 Rechtsinstitnte
417 1338 477 1380 von
494 1319 585 1378 innen
605 1318 716 1378 horsus
740 1338 777 1378 nu
798 1318 977 1379 entwiokeln
995 1318 1057 1378 und
1076 1318 1157 1378 seins
1187 1379 1189 1386 ,
1215 1355 1217 1360 -

145 1409 395 1471 Oonstmotiouen
409 1408 546 1468 erhnlten
555 1404 690 1467 deduroh
699 1408 854 1484 mehrfsoh
864 1409 950 1467 einen
959 1407 1158 1484 doetrinsren,

145 1501 279 1558 obstreot
306 1499 460 1576 logisohen
479 1493 626 1556 'Austrioh
746 1495 861 1556 (ierede
889 1497 958 1556 weil
987 1516 1018 1556 er
1041 1497 1158 1556 bbersll

145 1588 201 1646 suf
217 1584 265 1645 die
278 1586 457 1663 Prinoipien,
476 1585 524 1645 die
543 1585 607 1644 sioh
624 1585 686 1644 ihm
705 1586 737 1643 in
750 1586 952 1646 Definitionen
965 1587 1157 1662 verktrpern,

145 1676 340 1753 nurflolrgeht‚
374 1675 466 1754 greift
492 1693 526 1734 er
554 1675 606 1733 der
633 1673 882 1753 Ueborliefernng
909 1676 1080 1753 gegenbbsr
1107 1694 1157 1753 ge·

145 1761 450 1826 weltssmer·durol1“
472 1763 595 1822 Pernioe
618 1763 699 1824 190.
988 1827 990 1830 ,

233 1854 270 1913 Iu
292 1873 402 1930 magns
423 1852 800 1929 interpretandi'libsrtute
817 1855 928 1931 temen,
948 1852 980 1911 id
999 1853 1078 1929 quod
1097 1852 1158 1912 ism
1265 1905 1266 1916 ,

57 1963 59 1970 ·
146 1961 239 2019 suprs
261 1962 289 2018 p.
305 1947 344 2002 11
371 1943 467 2002 obiter
490 1941 727 2014 commemoravi,
750 1942 863 2001 liberae
886 1941 931 2000 rei
953 1941 1092 2018 publiose
1111 1941 1157 2000 in·
1266 1943 1267 2022 J

147 2031 334 2109 stitutorum,
358 2031 468 2106 quippe
490 2048 567 2107 quse
586 2031 650 2090 sola
667 2030 803 2106 legitime
821 2034 931 2108 essent,
951 2024 1159 2108 propugnator

148 2120 193 2180 its
215 2119 324 2196 extitit,
347 2123 383 2177 ut
405 2119 509 2178 multis
532 2119 563 2176 in
586 2119 675 2177 rebus
699 2120 809 2178 siuris
827 2120 971 2180 consultis
991 2137 1058 2178 oum
1076 2120 1157 2195 prin-

148 2208 213 2284 oipe
241 2207 391 2267 stantibus
418 2207 599 2267 dissentiret.
648 2207 733 2266 ouius
762 2208 806 2267 rei
834 2209 1003 2285 exemplum
1031 2209 1160 2284 protulit

149 2296 254 2372 Capito
282 2296 313 2356 in
341 2297 472 2373 epistula
499 2313 517 2354 e
545 2294 642 2355 Gellio
669 2298 828 2370 13,12‚4
856 2303 984 2360 servata.
1034 2291 1115 2357 ‘oum
1142 2317 1159 2357 e
1265 2285 1267 2312 ¹

148 2385 274 2445 muliero
309 2385 437 2460 quadum
468 2383 583 2444 tribuni
613 2384 710 2461 plebis
742 2385 900 2446 adversum
929 2407 998 2447 eum
1026 2387 1115 2446 adiri„
1128 2387 1159 2446 in

150 2473 321 2533 Gallianum
348 2473 387 2532 ed
414 2492 483 2532 enm
509 2473 673 2551 misissent,
705 2477 750 2534 nt>
767 2475 884 2535 veniret
911 2479 941 2535 et
968 2475 1089 2535 mulieri
1115 2495 1159 2535 re·

149 2563 319 2639 sponderet,
338 2563 432 2622 iussit
454 2583 532 2641 eum,
555 2561 606 2639 qui
628 2563 737 2623 missus
761 2567 835 2642 eret,
858 2564 956 2624 redire
980 2566 1011 2624 et
1028 2565 1159 2624 tribunis

149 2652 260 2731 dicere,
289 2653 337 2714 ius
361 2671 411 2712 eos
434 2671 493 2712 non
516 2652 626 2722 habere
648 2671 744 2730 neque
768 2671 918 2731 seneque
941 2654 1035 2713 alium
1058 2673 1160 2731 quem-

102 2812 105 2820 ,
149 2761 240 2818 quam
266 2742 404 2818 vocandi,
432 2742 572 2818 quonism
599 2743 732 2801 moribus
756 2742 903 2802 maiorum
925 2742 1038 2802 tribuni
1060 2742 1158 2819 plebis

149 2830 338 2905 prensionem
351 2830 503 2906 haberent,
516 2830 704 2889 vocationem
717 2849 777 2890 non
791 2830 947 2890 baberent:
964 2849 1051 2908 posse
1065 2832 1160 2908 igitur
1266 2901 1267 2908 ἵ

151 2935 201 2977 eos
224 2919 324 2979 venire
349 2920 379 2977 et
401 2918 506 2992 prendi
529 2935 560 2976 se
583 2917 695 2995 iubere,
719 2918 770 2977 sed
793 2919 1094 2979 vocandisbsentem
1112 2921 1159 2979 ius

150 3024 210 3074 non
242 2999 372 3065 bubere'.
426 3004 507 3081 apud
534 3003 700 3064 Varronem
728 3007 806 3066 enim
834 3027 935 3067 rerum
961 3009 1161 3068 humansrum

150 3095 228 3155 libro
241 3111 303 3154 uno
319 3098 349 3153 et
361 3094 503 3154 vicesimo
517 3096 595 3153 teste
609 3092 705 3154 Gellio
718 3097 791 3180 hseo
805 3097 999 3175 legebsntnrr'
1009 3092 1052 3156 ‘in
1069 3098 1161 3176 mugi·

96 3255 99 3262 Ι
152 3187 251 3244 strstu
264 3183 376 3244 hebent
389 3183 442 3242 alii
453 3183 649 3260 vocationem,
667 3185 719 3244 elii
732 3186 928 3264 prensionem,
942 3186 994 3246 alii
1008 3191 1160 3246 neutrum:
1266 3201 1267 3218 ¹

66 3349 68 3354 Ι
93 3337 95 3344 Α
152 3274 347 3350 vocationem,
360 3274 396 3331 ut
410 3273 546 3332 eonsules
556 3275 586 3331 et
595 3274 696 3352 ceteri,
711 3275 762 3351 qui
771 3276 883 3335 hubent
892 3277 1059 3352 imperium,
1074 3296 1161 3352 pren·

153 3361 274 3434 sionem,
293 3365 328 3421 nt
346 3361 461 3422 tribuni
479 3362 575 3437 plebis
594 3365 625 3420 et
642 3363 703 3440 ulii,
722 3364 774 3439 qui
788 3365 898 3424 habent
910 3365 1057 3425 viatorem
1072 3413 1094 3426 ..
1110 3358 1162 3443 qui

153 3443 339 3509 vocationem
357 3451 477 3529 habent,
495 3449 574 3510 idem
591 3452 736 3527 prendere
750 3457 851 3513 tenere
866 3455 1012 3513 obducere
1026 3457 1162 3530 possunt,

153 3541 184 3597 et
201 3538 274 3600 boso
293 3539 392 3600 onmis
407 3540 469 3600 sive
483 3538 594 3625 edsunt
608 3561 682 3617 quos
697 3547 806 3603 vocant
820 3543 881 3603 sive
896 3543 1161 3604 sooiriiusserunt.
