2512 3888
146 140 213 204 428
252 140 286 197 Π.
312 138 381 194 ΤΙΒ.
400 137 477 193 GAII
500 136 627 194 CLAUD.
652 137 787 192 NERON.
807 135 914 192 TEMP.
937 135 1034 191 IURIS
1057 135 1163 192 CONS.

154 307 289 385 obligare
313 325 381 366 eum
404 305 436 363 in
459 305 544 364 cuius
568 307 795 382 estpotestate,
818 324 856 364 ne
880 305 942 365 aeri
960 305 1058 364 alieno
1077 307 1165 380 pater

153 388 366 476 obligaretur')
392 393 486 453 Lenel
509 394 528 453 l.
552 411 575 454 c.
595 413 624 470 p.
645 396 684 454 29
714 393 863 472 sagaciter
889 396 987 454 notat:
1022 388 1164 453 ‘Sabinus

153 483 228 544 wird
247 486 356 560 gesagt
373 482 480 560 haben,
499 484 552 542 der
571 486 729 542 extraneus
747 484 832 543 heres
851 483 948 542 kbnne
966 483 1044 542 nach
1058 483 1164 541 treiem

154 571 297 631 Belieben
330 575 468 631 antreten
502 572 574 632 oder
605 572 814 650 ausschlagen:
848 572 901 631 der
932 571 1165 631 Kommentetor

150 661 294 720 schrtnkt
321 661 383 720 dies
411 661 506 720 durch
528 660 618 736 jenen
642 659 711 720 Sata
733 653 806 721 ein'.

411 856 459 915 Dc
476 857 659 930 portionibus
682 857 895 917 distribuendis.

236 976 289 1042 28.
320 974 361 1040 D.
376 975 427 1056 28,
446 974 476 1054 b,
498 975 536 1039 17
552 996 600 1057 pr.
649 973 811 1060 Ulpianus
843 975 926 1040 libro
955 975 1093 1059 septimo
1124 975 1161 1038 ad

148 1063 305 1131 Sabinum
338 1061 387 1152 (P.
410 1064 523 1144 2488).
555 1099 598 1109 -
626 1065 766 1147 ..quod
794 1063 933 1129 Sabinus
961 1063 1021 1148 ait,
1055 1063 1085 1128 si
1112 1065 1162 1129 cui

147 1176 224 1240 pars
249 1153 398 1237 adposita
425 1174 491 1217 non
515 1156 573 1235 est,
597 1153 806 1218 excutiamus,
842 1154 923 1218 duos
942 1175 981 1217 ex
1004 1152 1161 1238 quadran·

149 1244 238 1308 tibus
261 1242 394 1306 heredes
423 1241 566 1326 scripsit,
594 1242 728 1306 tertium
757 1242 825 1307 siue
853 1247 958 1326 parte·
986 1242 1073 1326 quod
1097 1241 1162 1307 assi

150 1332 250 1414 deest,
272 1331 366 1394 feret·
359 1329 451 1414 ,hoc
475 1335 507 1394 et
528 1329 646 1395 Labeo

236 1420 289 1485 29.
322 1417 451 1485 D.ibid.
466 1415 602 1506 §L—
558 1417 723 1484 ——Unde
751 1419 835 1484 idem
864 1422 997 1502 tractat,
1025 1419 1053 1483 si
1083 1419 1162 1484 duos

149 1531 189 1574 ex
207 1509 364 1591 undecim,
387 1507 513 1574 duos
488 1530 557 1572 srne
575 1511 667 1593 parte
686 1507 828 1593 scripsit,
850 1528 926 1572 mox
944 1469 1027 1573 unire
1047 1531 1086 1573 ex
1103 1508 1162 1586 his,

148 1599 203 1682 qui
233 1599 301 1662 sine
328 1601 420 1682 parte
404 1597 589 1681 efuerunt,
617 1596 848 1681 repudiaverit,
876 1601 986 1662 utrum
1012 1558 1162 1662 omnibui

146 1687 311 1752 semuncia
333 1686 540 1771 <accrescat>
560 1709 601 1752 en
621 1686 660 1750 ud
681 1685 787 1751 solum
806 1685 875 1750 sine
893 1690 985 1768 parte
1004 1687 1162 1771 seriptum

145 1777 320 1860 pertineat,
348 1782 382 1840 et
408 1776 521 1841 variat.
568 1775 624 1839 sed
649 1772 779 1840 Servius
804 1775 954 1841 omnibus
979 1774 1161 1840 adcrescere

145 1866 199 1930 ait.

243 1977 350 2042 ‘Idem'
374 2003 434 2043 non
456 1983 558 2043 Labeo
583 1982 634 2043 sed
659 1983 784 2044 Sabinus
807 1981 927 2043 videtur
950 2001 1022 2044 esse.
1055 1987 1089 2042 at
1112 1983 1163 2061 qni

155 2069 209 2146 §2
234 2071 407 2131 nominatur
430 2065 531 2130 ‘idem'
570 2063 718 2153 (Servius
741 2117 770 2132 ..
795 2073 846 2149 ait,
872 2091 961 2149 quam
981 2073 1162 2132 sententiam

152 2159 302 2220 veriorem
324 2164 414 2235 puto:
436 2179 506 2219 nam
596 2160 807 2237 instituuntur,
831 2160 911 2236 quod
932 2163 963 2220 et
981 2159 1086 2221 Celsus

155 2248 273 2325 probat.
309 2248 447 2324 idemque
465 2243 586 2324 putat’.
603 2241 656 2332 ..),
676 2268 737 2309 non
754 2248 883 2310 Sabinus
903 2252 956 2329 est,
976 2250 1028 2309 sed
1047 2249 1162 2310 Celsus.

242 2357 313 2424 30³.
336 2357 442 2438 Ι).28,
457 2357 487 2438 5,
503 2359 532 2443 9,
549 2361 598 2426 13.
631 2358 790 2444 Ulpianus
809 2360 892 2425 libro
911 2359 1005 2462 quint
1007 2382 1025 2424 o
990 2360 1087 2424 tad
1106 2359 1159 2426 Sa·
1228 2335 1229 2368 r

154 2447 264 2514 binum
268 2445 332 2601 t(P.
348 2445 517 2532 2463).-
474 2447 572 2514 -Si
591 2449 699 2514 duo
674 2453 739 2514 arnt
725 2448 917 2514 theredes
908 2469 958 2512 rna
960 2448 1058 2531 rituti,
1077 2471 1159 2514 unua

150 2558 189 2600 ex
206 2540 299 2621 parte
317 2539 383 2601 tter
384 2536 416 2600 ia
370 2535 525 2602 tfundi
546 2535 737 2623 Corneliani,
757 2538 803 2602 alt
788 2541 838 2602 ter
857 2559 896 2602 ex
910 2538 1002 2602 besse
1018 2537 1159 2602 eiusdem
1228 2597 1229 2620 ,

152 2625 259 2780 fundi,
292 2621 404 2690 Celsus
437 2627 712 2711 expeditissimam
728 2588 852 2692 Sabini
883 2629 956 2691 sent
958 2626 1077 2690 entiam
1112 2648 1159 2690 se
1228 2703 1229 2706 Ἴ

145 2717 263 2802 quitur,
287 2720 325 2780 ut
347 2715 401 2780 det
387 2719 494 2780 tracta
516 2716 607 2780 fundi
633 2716 793 2780 mentione
812 2715 905 2799 quasi
924 2715 992 2780 sine
1009 2715 1159 2798 partibus
1228 2725 1229 2742 ¹

149 2804 282 2870 heredes
307 2805 418 2889 scripti
441 2803 602 2869 hereditat
552 2808 620 2869 tte
639 2804 854 2888 potirentur..
870 2855 877 2870 .
893 2851 901 2869 .

237 2891 306 2958 301'.
329 2890 370 2957 D.
385 2893 436 2957 28.
451 2890 481 2971 5,
498 2892 548 2958 10.
579 2891 699 2958 Paulus
719 2892 803 2958 libro
823 2893 928 2977 primo
949 2892 988 2958 ad
1004 2891 1158 2956 Sabinum

147 2979 196 3067 (P
213 2979 385 3068 1602).-
342 2979 440 3046 -Si
459 2979 592 3045 alterius
612 2985 774 3066 atquet
727 2982 774 3046 alt
775 2983 859 3046 erius
879 2980 969 3046 fundi
984 3002 1044 3064 pro
1058 2982 1158 3066 parti·
1228 3019 1229 3064 3

147 3070 208 3135 bus
232 3069 303 3153 quis
325 3067 493 3133 heredes
483 3069 660 3135 rnst1uer1
664 3120 674 3154 ,
700 3070 830 3223 perinde
854 3070 987 3135 habebit
973 3075 1039 3153 tur,
1067 3069 1160 3172 quasi

146 3180 212 3222 non
237 3157 370 3222 adiectis
392 3159 468 3240 part
455 3155 540 3220 tibus
563 3157 695 3222 heredes
720 3159 832 3243 scripti
851 3162 972 3244 essent,
994 3180 1054 3224 nec
1073 3158 1159 3223 enirn
1228 3167 1229 3176 ³

147 3245 242 3310 facile
280 3267 319 3308 ex
361 3243 493 3308 diversit
479 3247 547 3308 tate
583 3247 683 3328 pretii
712 3245 874 3330 partium¹
909 3248 1074 3331 portiones
1111 3247 1160 3310 in

146 3334 329 3397 veniuntur.
376 3351 453 3416 ergo
483 3333 619 3415 expedit
611 3356 660 3398 rus
690 3339 739 3400 est
768 3335 853 3418 quod
877 3333 1015 3401 Sabinus
1039 3335 1159 3419 scribit,

217 3509 230 3554 1
251 3501 298 3557 Fr.
316 3501 446 3570 pretinm.
