<?xml version="1.0" encoding="UTF-8"?>
<!DOCTYPE html PUBLIC "-//W3C//DTD XHTML 1.0 Transitional//EN"
    "http://www.w3.org/TR/xhtml1/DTD/xhtml1-transitional.dtd">
<html xmlns="http://www.w3.org/1999/xhtml" xml:lang="en" lang="en">
 <head>
  <title>
</title>
<meta http-equiv="Content-Type" content="text/html;charset=utf-8" />
  <meta name='ocr-system' content='tesseract 3.04.00' />
  <meta name='ocr-capabilities' content='ocr_page ocr_carea ocr_par ocr_line ocrx_word'/>
</head>
<body>
  <div class='ocr_page' id='page_1' title='image "./iurisprudentiae04bremgoog_0196.png"; bbox 0 0 2568 3890; ppageno 0'>
   <div class='ocr_carea' id='block_1_1' title="bbox 162 153 1172 218">
    <p class='ocr_par' dir='ltr' id='par_1_1' title="bbox 162 153 1172 218">
     <span class='ocr_line' id='line_1_1' title="bbox 162 153 1172 218; baseline 0.003 -11"><span class='ocrx_word' id='word_1_1' title='bbox 162 153 227 218; x_wconf 76' lang='grc'>206</span> <span class='ocrx_word' id='word_1_2' title='bbox 264 156 285 209; x_wconf 94' lang='lat' dir='ltr'>I.</span> <span class='ocrx_word' id='word_1_3' title='bbox 310 153 462 210; x_wconf 74' lang='lat' dir='ltr'>AETATIS</span> <span class='ocrx_word' id='word_1_4' title='bbox 480 154 639 210; x_wconf 82' lang='lat' dir='ltr'>AUGUSTI</span> <span class='ocrx_word' id='word_1_5' title='bbox 655 154 702 210; x_wconf 84' lang='grc' dir='ltr'>ΕΤ</span> <span class='ocrx_word' id='word_1_6' title='bbox 722 153 858 216; x_wconf 81' lang='lat' dir='ltr'>TIBERII</span> <span class='ocrx_word' id='word_1_7' title='bbox 876 153 973 210; x_wconf 77' lang='lat' dir='ltr'>lusus</span> <span class='ocrx_word' id='word_1_8' title='bbox 992 153 1172 210; x_wconf 72' lang='lat' dir='ltr'>consum</span> 
     </span>
    </p>
   </div>
   <div class='ocr_carea' id='block_1_2' title="bbox 160 315 1196 1287">
    <p class='ocr_par' dir='ltr' id='par_1_2' title="bbox 162 315 1173 934">
     <span class='ocr_line' id='line_1_2' title="bbox 164 315 1171 401; baseline 0.001 -19"><span class='ocrx_word' id='word_1_9' title='bbox 164 317 318 400; x_wconf 86' lang='lat' dir='ltr'>redierat,</span> <span class='ocrx_word' id='word_1_10' title='bbox 346 319 398 382; x_wconf 89' lang='lat' dir='ltr'>cui</span> <span class='ocrx_word' id='word_1_11' title='bbox 427 323 555 382; x_wconf 86' lang='lat' dir='ltr'>centnm</span> <span class='ocrx_word' id='word_1_12' title='bbox 583 315 703 383; x_wconf 76' lang='lat' dir='ltr'>denuc1</span> <span class='ocrx_word' id='word_1_13' title='bbox 731 318 799 382; x_wconf 87' lang='lat' dir='ltr'>doti</span> <span class='ocrx_word' id='word_1_14' title='bbox 823 316 953 382; x_wconf 85' lang='lat' dir='ltr'>dederat</span> <span class='ocrx_word' id='word_1_15' title='bbox 975 338 1079 401; x_wconf 88' lang='lat' dir='ltr'>neque</span> <span class='ocrx_word' id='word_1_16' title='bbox 1102 318 1171 383; x_wconf 88' lang='lat' dir='ltr'>eius</span> 
     </span>
     <span class='ocr_line' id='line_1_3' title="bbox 162 406 1169 492; baseline 0.002 -22"><span class='ocrx_word' id='word_1_17' title='bbox 162 406 326 490; x_wconf 86' lang='lat' dir='ltr'>pecuniae,</span> <span class='ocrx_word' id='word_1_18' title='bbox 349 427 430 492; x_wconf 86' lang='lat' dir='ltr'>quse</span> <span class='ocrx_word' id='word_1_19' title='bbox 449 407 573 488; x_wconf 87' lang='lat' dir='ltr'>reliqua</span> <span class='ocrx_word' id='word_1_20' title='bbox 592 428 632 470; x_wconf 85' lang='lat' dir='ltr'>ex</span> <span class='ocrx_word' id='word_1_21' title='bbox 650 408 756 490; x_wconf 88' lang='lat' dir='ltr'>priore</span> <span class='ocrx_word' id='word_1_22' title='bbox 776 406 849 472; x_wconf 89' lang='lat' dir='ltr'>dote</span> <span class='ocrx_word' id='word_1_23' title='bbox 868 409 947 490; x_wconf 87' lang='lat' dir='ltr'>erat,</span> <span class='ocrx_word' id='word_1_24' title='bbox 970 407 1169 472; x_wconf 89' lang='lat' dir='ltr'>mentionem</span> 
     </span>
     <span class='ocr_line' id='line_1_4' title="bbox 162 493 1171 580; baseline 0.001 -21"><span class='ocrx_word' id='word_1_25' title='bbox 162 494 291 560; x_wconf 86' lang='lat' dir='ltr'>fecerat.</span> <span class='ocrx_word' id='word_1_26' title='bbox 333 494 472 560; x_wconf 85' lang='lat' dir='ltr'>divortio</span> <span class='ocrx_word' id='word_1_27' title='bbox 496 495 583 560; x_wconf 86' lang='lat' dir='ltr'>facto</span> <span class='ocrx_word' id='word_1_28' title='bbox 601 496 762 580; x_wconf 88' lang='lat' dir='ltr'>reliquum</span> <span class='ocrx_word' id='word_1_29' title='bbox 781 517 819 560; x_wconf 84' lang='lat' dir='ltr'>ex</span> <span class='ocrx_word' id='word_1_30' title='bbox 837 495 944 580; x_wconf 82' lang='lat' dir='ltr'>priore</span> <span class='ocrx_word' id='word_1_31' title='bbox 962 493 1037 560; x_wconf 87' lang='lat' dir='ltr'>dote</span> <span class='ocrx_word' id='word_1_32' title='bbox 1056 495 1171 560; x_wconf 88' lang='lat' dir='ltr'>iisdem</span> 
     </span>
     <span class='ocr_line' id='line_1_5' title="bbox 164 581 1173 668; baseline 0.003 -22"><span class='ocrx_word' id='word_1_33' title='bbox 164 581 274 648; x_wconf 88' lang='lat' dir='ltr'>diebus</span> <span class='ocrx_word' id='word_1_34' title='bbox 294 583 397 649; x_wconf 84' lang='lat' dir='ltr'>virum</span> <span class='ocrx_word' id='word_1_35' title='bbox 416 584 615 649; x_wconf 89' lang='lat' dir='ltr'>redditurum</span> <span class='ocrx_word' id='word_1_36' title='bbox 635 585 683 648; x_wconf 90' lang='lat' dir='ltr'>ait</span> <span class='ocrx_word' id='word_1_37' title='bbox 700 583 820 668; x_wconf 88' lang='lat' dir='ltr'>Labeo,</span> <span class='ocrx_word' id='word_1_38' title='bbox 838 583 954 667; x_wconf 91' lang='lat' dir='ltr'>quibus</span> <span class='ocrx_word' id='word_1_39' title='bbox 969 583 1173 664; x_wconf 75' lang='lat' dir='ltr'><strong>reddidisset,</strong></span> 
     </span>
     <span class='ocr_line' id='line_1_6' title="bbox 165 670 1172 758; baseline 0.002 -22"><span class='ocrx_word' id='word_1_40' title='bbox 165 672 193 736; x_wconf 89' lang='lat' dir='ltr'>si</span> <span class='ocrx_word' id='word_1_41' title='bbox 230 673 377 758; x_wconf 88' lang='lat' dir='ltr'>superius</span> <span class='ocrx_word' id='word_1_42' title='bbox 414 673 589 738; x_wconf 86' lang='lat' dir='ltr'>divortium</span> <span class='ocrx_word' id='word_1_43' title='bbox 622 673 706 737; x_wconf 89' lang='lat' dir='ltr'>inter</span> <span class='ocrx_word' id='word_1_44' title='bbox 739 695 794 738; x_wconf 87' lang='lat' dir='ltr'>eos</span> <span class='ocrx_word' id='word_1_45' title='bbox 826 670 947 737; x_wconf 84' lang='lat' dir='ltr'>factum</span> <span class='ocrx_word' id='word_1_46' title='bbox 980 694 1045 737; x_wconf 90' lang='lat' dir='ltr'>non</span> <span class='ocrx_word' id='word_1_47' title='bbox 1078 678 1172 757; x_wconf 89' lang='lat' dir='ltr'>esset,</span> 
     </span>
     <span class='ocr_line' id='line_1_7' title="bbox 163 761 1172 846; baseline 0.004 -22"><span class='ocrx_word' id='word_1_48' title='bbox 163 762 316 844; x_wconf 87' lang='lat' dir='ltr'>quoniam</span> <span class='ocrx_word' id='word_1_49' title='bbox 344 762 462 844; x_wconf 87' lang='lat' dir='ltr'>prioris</span> <span class='ocrx_word' id='word_1_50' title='bbox 492 761 577 827; x_wconf 91' lang='lat' dir='ltr'>dotis</span> <span class='ocrx_word' id='word_1_51' title='bbox 605 783 703 826; x_wconf 87' lang='lat' dir='ltr'>causa</span> <span class='ocrx_word' id='word_1_52' title='bbox 730 762 764 826; x_wconf 91' lang='lat' dir='ltr'>in</span> <span class='ocrx_word' id='word_1_53' title='bbox 792 766 990 846; x_wconf 68' lang='lat' dir='ltr'>sequentem⁴</span> <span class='ocrx_word' id='word_1_54' title='bbox 1008 761 1092 826; x_wconf 85' lang='lat' dir='ltr'>dotis</span> <span class='ocrx_word' id='word_1_55' title='bbox 1116 763 1172 828; x_wconf 92' lang='lat' dir='ltr'>ob·</span> 
     </span>
     <span class='ocr_line' id='line_1_8' title="bbox 163 849 656 934; baseline 0.008 -23"><span class='ocrx_word' id='word_1_56' title='bbox 163 849 353 934; x_wconf 81' lang='lat' dir='ltr'>ligationem</span> <span class='ocrx_word' id='word_1_57' title='bbox 379 854 465 914; x_wconf 90' lang='lat' dir='ltr'>esset</span> <span class='ocrx_word' id='word_1_58' title='bbox 488 851 656 916; x_wconf 87' lang='lat' dir='ltr'>translata.</span> 
     </span>
    </p>

    <p class='ocr_par' dir='ltr' id='par_1_3' title="bbox 160 937 1196 1287">
     <span class='ocr_line' id='line_1_9' title="bbox 252 937 1173 1019; baseline 0.001 -17"><span class='ocrx_word' id='word_1_59' title='bbox 252 938 324 1004; x_wconf 81' lang='lat'><strong>115.</strong></span> <span class='ocrx_word' id='word_1_60' title='bbox 342 937 388 1002; x_wconf 90' lang='grc' dir='ltr'>Ἰ).</span> <span class='ocrx_word' id='word_1_61' title='bbox 403 939 480 1004; x_wconf 90' lang='lat' dir='ltr'><strong>ibid.</strong></span> <span class='ocrx_word' id='word_1_62' title='bbox 496 941 516 1019; x_wconf 64' lang='grc' dir='ltr'><strong>ἓ</strong></span> <span class='ocrx_word' id='word_1_63' title='bbox 530 940 560 1004; x_wconf 90' lang='grc'>6.</span> <span class='ocrx_word' id='word_1_64' title='bbox 586 975 622 988; x_wconf 79' lang='lat'>—</span> <span class='ocrx_word' id='word_1_65' title='bbox 650 937 684 1005; x_wconf 82' lang='lat' dir='ltr'>Si</span> <span class='ocrx_word' id='word_1_66' title='bbox 707 940 757 1004; x_wconf 86' lang='lat' dir='ltr'>vir</span> <span class='ocrx_word' id='word_1_67' title='bbox 780 960 891 1004; x_wconf 90' lang='lat' dir='ltr'>socero</span> <span class='ocrx_word' id='word_1_68' title='bbox 915 938 1038 1003; x_wconf 88' lang='lat' dir='ltr'>iniussu</span> <span class='ocrx_word' id='word_1_69' title='bbox 1062 940 1173 1004; x_wconf 82' lang='lat' dir='ltr'>uxoris</span> 
     </span>
     <span class='ocr_line' id='line_1_10' title="bbox 162 1026 1196 1112; baseline 0.002 -22"><span class='ocrx_word' id='word_1_70' title='bbox 162 1031 312 1092; x_wconf 87' lang='lat' dir='ltr'>manente</span> <span class='ocrx_word' id='word_1_71' title='bbox 336 1028 543 1093; x_wconf 87' lang='lat' dir='ltr'>matrimonio</span> <span class='ocrx_word' id='word_1_72' title='bbox 568 1028 677 1092; x_wconf 89' lang='lat' dir='ltr'>dotem</span> <span class='ocrx_word' id='word_1_73' title='bbox 701 1031 865 1112; x_wconf 86' lang='lat' dir='ltr'>acceptam</span> <span class='ocrx_word' id='word_1_74' title='bbox 884 1027 1021 1110; x_wconf 83' lang='lat' dir='ltr'>fecisset,</span> <span class='ocrx_word' id='word_1_75' title='bbox 1045 1026 1173 1092; x_wconf 86' lang='lat' dir='ltr'>etiamsi</span> <span class='ocrx_word' id='word_1_76' title='bbox 1193 1041 1196 1048; x_wconf 83' lang='lat'>&#39;</span> 
     </span>
     <span class='ocr_line' id='line_1_11' title="bbox 160 1115 1173 1201; baseline 0.003 -22"><span class='ocrx_word' id='word_1_77' title='bbox 160 1115 193 1179; x_wconf 91' lang='lat' dir='ltr'>id</span> <span class='ocrx_word' id='word_1_78' title='bbox 221 1119 355 1199; x_wconf 90' lang='lat' dir='ltr'>propter</span> <span class='ocrx_word' id='word_1_79' title='bbox 378 1119 557 1200; x_wconf 74' lang='lat' dir='ltr'>egestatem</span> <span class='ocrx_word' id='word_1_80' title='bbox 581 1117 685 1180; x_wconf 90' lang='lat' dir='ltr'>soceri</span> <span class='ocrx_word' id='word_1_81' title='bbox 708 1117 830 1182; x_wconf 90' lang='lat' dir='ltr'>factum</span> <span class='ocrx_word' id='word_1_82' title='bbox 853 1121 951 1201; x_wconf 84' lang='lat' dir='ltr'>esset,</span> <span class='ocrx_word' id='word_1_83' title='bbox 978 1117 1040 1180; x_wconf 86' lang='lat' dir='ltr'>viri</span> <span class='ocrx_word' id='word_1_84' title='bbox 1062 1121 1173 1182; x_wconf 90' lang='lat' dir='ltr'>tamen</span> 
     </span>
     <span class='ocr_line' id='line_1_12' title="bbox 162 1203 843 1287; baseline -0.004 -20"><span class='ocrx_word' id='word_1_85' title='bbox 162 1205 340 1287; x_wconf 82' lang='lat' dir='ltr'>periculum</span> <span class='ocrx_word' id='word_1_86' title='bbox 363 1203 506 1269; x_wconf 87' lang='lat' dir='ltr'>futurum</span> <span class='ocrx_word' id='word_1_87' title='bbox 531 1205 578 1269; x_wconf 87' lang='lat' dir='ltr'>ait</span> <span class='ocrx_word' id='word_1_88' title='bbox 601 1204 719 1271; x_wconf 83' lang='lat' dir='ltr'>Labeo.</span> <span class='ocrx_word' id='word_1_89' title='bbox 840 1257 843 1264; x_wconf 94' lang='lat'><strong>.</strong></span> 
     </span>
    </p>
   </div>
   <div class='ocr_carea' id='block_1_3' title="bbox 325 1377 1004 1438">
    <p class='ocr_par' dir='ltr' id='par_1_4' title="bbox 325 1377 1004 1438">
     <span class='ocr_line' id='line_1_13' title="bbox 325 1377 1004 1438; baseline 0.004 -3"><span class='ocrx_word' id='word_1_90' title='bbox 325 1377 372 1436; x_wconf 85' lang='lat' dir='ltr'>De</span> <span class='ocrx_word' id='word_1_91' title='bbox 395 1379 690 1438; x_wconf 63' lang='lat' dir='ltr'>acclamassem</span> <span class='ocrx_word' id='word_1_92' title='bbox 712 1381 808 1438; x_wconf 76' lang='lat' dir='ltr'>utrum</span> <span class='ocrx_word' id='word_1_93' title='bbox 831 1384 857 1438; x_wconf 84' lang='lat' dir='ltr'>et</span> <span class='ocrx_word' id='word_1_94' title='bbox 878 1397 1004 1438; x_wconf 81' lang='lat' dir='ltr'>uxorem</span> 
     </span>
    </p>
   </div>
   <div class='ocr_carea' id='block_1_4' title="bbox 157 1486 1174 3348">
    <p class='ocr_par' dir='ltr' id='par_1_5' title="bbox 159 1486 1174 1820">
     <span class='ocr_line' id='line_1_14' title="bbox 250 1486 1170 1574; baseline 0.002 -23"><span class='ocrx_word' id='word_1_95' title='bbox 250 1487 337 1552; x_wconf 79' lang='lat'><strong>116⁸.</strong></span> <span class='ocrx_word' id='word_1_96' title='bbox 375 1486 414 1552; x_wconf 93' lang='lat' dir='ltr'>D</span> <span class='ocrx_word' id='word_1_97' title='bbox 428 1487 596 1572; x_wconf 85' lang='grc'><strong>24,165</strong></span> <span class='ocrx_word' id='word_1_98' title='bbox 646 1488 755 1554; x_wconf 81' lang='lat' dir='ltr'>Labeo</span> <span class='ocrx_word' id='word_1_99' title='bbox 783 1489 867 1553; x_wconf 87' lang='lat' dir='ltr'>libro</span> <span class='ocrx_word' id='word_1_100' title='bbox 896 1492 986 1553; x_wconf 87' lang='lat' dir='ltr'>sexto</span> <span class='ocrx_word' id='word_1_101' title='bbox 1013 1490 1170 1574; x_wconf 88' lang='lat' dir='ltr'>posterio-</span> 
     </span>
     <span class='ocr_line' id='line_1_15' title="bbox 160 1575 1174 1662; baseline 0.002 -23"><span class='ocrx_word' id='word_1_102' title='bbox 160 1598 231 1640; x_wconf 87' lang='lat' dir='ltr'>rum</span> <span class='ocrx_word' id='word_1_103' title='bbox 260 1599 280 1640; x_wconf 92' lang='lat' dir='ltr'>a</span> <span class='ocrx_word' id='word_1_104' title='bbox 307 1575 458 1641; x_wconf 76' lang='lat' dir='ltr'>Iauoleno</span> <span class='ocrx_word' id='word_1_105' title='bbox 486 1577 552 1662; x_wconf 89' lang='lat' dir='ltr'>epit</span> <span class='ocrx_word' id='word_1_106' title='bbox 554 1579 641 1642; x_wconf 91' lang='lat' dir='ltr'>omat</span> <span class='ocrx_word' id='word_1_107' title='bbox 642 1599 808 1642; x_wconf 89' lang='lat' dir='ltr'>orum.-</span> <span class='ocrx_word' id='word_1_108' title='bbox 770 1577 922 1658; x_wconf 74' lang='lat' dir='ltr'>-Quod</span> <span class='ocrx_word' id='word_1_109' title='bbox 946 1579 996 1644; x_wconf 80' lang='lat' dir='ltr'>vir</span> <span class='ocrx_word' id='word_1_110' title='bbox 1022 1578 1062 1660; x_wconf 78' lang='lat' dir='ltr'>ei,</span> <span class='ocrx_word' id='word_1_111' title='bbox 1093 1599 1174 1660; x_wconf 77' lang='lat' dir='ltr'>quae</span> 
     </span>
     <span class='ocr_line' id='line_1_16' title="bbox 159 1628 1174 1753; baseline 0.002 -23"><span class='ocrx_word' id='word_1_112' title='bbox 159 1666 297 1730; x_wconf 74' lang='lat' dir='ltr'>nondum</span> <span class='ocrx_word' id='word_1_113' title='bbox 324 1666 488 1750; x_wconf 64' lang='lat' dir='ltr'>urucam</span> <span class='ocrx_word' id='word_1_114' title='bbox 514 1668 666 1750; x_wconf 77' lang='lat' dir='ltr'>nupserit,</span> <span class='ocrx_word' id='word_1_115' title='bbox 641 1667 868 1753; x_wconf 78' lang='lat' dir='ltr'>tdoneuertt,</span> <span class='ocrx_word' id='word_1_116' title='bbox 897 1671 1002 1732; x_wconf 70' lang='lat' dir='ltr'>subm</span> <span class='ocrx_word' id='word_1_117' title='bbox 1027 1628 1174 1747; x_wconf 73' lang='lat' dir='ltr'>sciturum</span> 
     </span>
     <span class='ocr_line' id='line_1_17' title="bbox 160 1754 310 1820; baseline -0.007 -1"><span class='ocrx_word' id='word_1_118' title='bbox 160 1754 310 1820; x_wconf 75' lang='lat' dir='ltr'>eaisttmo.</span> 
     </span>
    </p>

    <p class='ocr_par' dir='ltr' id='par_1_6' title="bbox 159 1838 1172 2280">
     <span class='ocr_line' id='line_1_18' title="bbox 251 1838 1171 1928; baseline 0.001 -20"><span class='ocrx_word' id='word_1_119' title='bbox 251 1838 339 1908; x_wconf 63' lang='lat'><strong>11612.</strong></span> <span class='ocrx_word' id='word_1_120' title='bbox 362 1840 402 1906; x_wconf 89' lang='lat' dir='ltr'>D.</span> <span class='ocrx_word' id='word_1_121' title='bbox 421 1844 474 1926; x_wconf 91' lang='grc'>24,</span> <span class='ocrx_word' id='word_1_122' title='bbox 489 1842 517 1926; x_wconf 93' lang='grc'>1,</span> <span class='ocrx_word' id='word_1_123' title='bbox 532 1843 585 1926; x_wconf 86' lang='grc'>32,</span> <span class='ocrx_word' id='word_1_124' title='bbox 598 1844 651 1908; x_wconf 82' lang='grc'><strong>27.</strong></span> <span class='ocrx_word' id='word_1_125' title='bbox 688 1842 848 1928; x_wconf 83' lang='lat' dir='ltr'>Ulpianus</span> <span class='ocrx_word' id='word_1_126' title='bbox 872 1843 956 1909; x_wconf 91' lang='lat' dir='ltr'>libro</span> <span class='ocrx_word' id='word_1_127' title='bbox 978 1843 1171 1928; x_wconf 79' lang='lat' dir='ltr'>trigensimo</span> 
     </span>
     <span class='ocr_line' id='line_1_19' title="bbox 159 1930 1172 2016; baseline 0.003 -22"><span class='ocrx_word' id='word_1_128' title='bbox 159 1930 257 1996; x_wconf 82' lang='lat' dir='ltr'>tertio</span> <span class='ocrx_word' id='word_1_129' title='bbox 294 1930 335 1995; x_wconf 89' lang='lat' dir='ltr'>ad</span> <span class='ocrx_word' id='word_1_130' title='bbox 368 1930 533 1998; x_wconf 83' lang='lat' dir='ltr'>Sabinum.</span> <span class='ocrx_word' id='word_1_131' title='bbox 568 1967 605 1978; x_wconf 91' lang='lat'>—</span> <span class='ocrx_word' id='word_1_132' title='bbox 642 1930 675 1996; x_wconf 81' lang='lat' dir='ltr'>si</span> <span class='ocrx_word' id='word_1_133' title='bbox 712 1933 783 2016; x_wconf 88' lang='lat' dir='ltr'>quis</span> <span class='ocrx_word' id='word_1_134' title='bbox 820 1955 973 2016; x_wconf 86' lang='lat' dir='ltr'>sponsam</span> <span class='ocrx_word' id='word_1_135' title='bbox 1010 1932 1172 2012; x_wconf 76' lang='lat' dir='ltr'>habuerit,</span> 
     </span>
     <span class='ocr_line' id='line_1_20' title="bbox 160 2018 1171 2102; baseline 0.004 -20"><span class='ocrx_word' id='word_1_136' title='bbox 160 2018 274 2084; x_wconf 86' lang='lat' dir='ltr'>deinde</span> <span class='ocrx_word' id='word_1_137' title='bbox 302 2019 436 2084; x_wconf 90' lang='lat' dir='ltr'>eandem</span> <span class='ocrx_word' id='word_1_138' title='bbox 464 2042 596 2084; x_wconf 85' lang='lat' dir='ltr'>uxorem</span> <span class='ocrx_word' id='word_1_139' title='bbox 624 2018 750 2084; x_wconf 84' lang='lat' dir='ltr'>duxerit</span> <span class='ocrx_word' id='word_1_140' title='bbox 736 2026 850 2086; x_wconf 88' lang='lat' dir='ltr'>teum</span> <span class='ocrx_word' id='word_1_141' title='bbox 878 2042 945 2086; x_wconf 90' lang='lat' dir='ltr'>non</span> <span class='ocrx_word' id='word_1_142' title='bbox 971 2021 1094 2102; x_wconf 85' lang='lat' dir='ltr'>liceret,</span> <span class='ocrx_word' id='word_1_143' title='bbox 1127 2044 1171 2086; x_wconf 92' lang='lat' dir='ltr'>an</span> 
     </span>
     <span class='ocr_line' id='line_1_21' title="bbox 161 2071 1170 2194; baseline 0.004 -24"><span class='ocrx_word' id='word_1_144' title='bbox 161 2107 271 2172; x_wconf 86' lang='lat' dir='ltr'>donat&#39;</span> <span class='ocrx_word' id='word_1_145' title='bbox 246 2114 352 2172; x_wconf 86' lang='lat' dir='ltr'>t1ones</span> <span class='ocrx_word' id='word_1_146' title='bbox 381 2109 473 2192; x_wconf 83' lang='lat' dir='ltr'><strong>quasi</strong></span> <span class='ocrx_word' id='word_1_147' title='bbox 495 2108 530 2171; x_wconf 91' lang='lat' dir='ltr'>in</span> <span class='ocrx_word' id='word_1_148' title='bbox 554 2108 760 2191; x_wconf 85' lang='lat' dir='ltr'>sponsalibus</span> <span class='ocrx_word' id='word_1_149' title='bbox 783 2109 850 2174; x_wconf 84' lang='lat' dir='ltr'>fact</span> <span class='ocrx_word' id='word_1_150' title='bbox 836 2114 888 2174; x_wconf 89' lang='lat' dir='ltr'>tae</span> <span class='ocrx_word' id='word_1_151' title='bbox 911 2109 1055 2194; x_wconf 82' lang='lat' dir='ltr'>valeant,</span> <span class='ocrx_word' id='word_1_152' title='bbox 1082 2071 1170 2174; x_wconf 78' lang='lat' dir='ltr'>iide-</span> 
     </span>
     <span class='ocr_line' id='line_1_22' title="bbox 161 2196 1137 2280; baseline 0.007 -22"><span class='ocrx_word' id='word_1_153' title='bbox 161 2217 282 2259; x_wconf 90' lang='lat' dir='ltr'>amus.</span> <span class='ocrx_word' id='word_1_154' title='bbox 302 2196 499 2260; x_wconf 89' lang='lat' dir='ltr'>..tsed</span> <span class='ocrx_word' id='word_1_155' title='bbox 449 2199 499 2261; x_wconf 90' lang='lat' dir='ltr'>est</span> <span class='ocrx_word' id='word_1_156' title='bbox 525 2197 645 2278; x_wconf 86' lang='lat' dir='ltr'>verius,</span> <span class='ocrx_word' id='word_1_157' title='bbox 677 2199 760 2280; x_wconf 92' lang='lat' dir='ltr'>quod</span> <span class='ocrx_word' id='word_1_158' title='bbox 788 2197 931 2264; x_wconf 82' lang='lat' dir='ltr'>Labeoni</span> <span class='ocrx_word' id='word_1_159' title='bbox 958 2198 1137 2264; x_wconf 83' lang='lat' dir='ltr'>videtur..</span> 
     </span>
    </p>

    <p class='ocr_par' dir='ltr' id='par_1_7' title="bbox 159 2244 1172 2618">
     <span class='ocr_line' id='line_1_23' title="bbox 182 2244 1172 2371; baseline 0.005 -24.244"><span class='ocrx_word' id='word_1_160' title='bbox 182 2284 256 2362; x_wconf 87' lang='lat' dir='ltr'>t,si</span> <span class='ocrx_word' id='word_1_161' title='bbox 278 2244 405 2368; x_wconf 79' lang='lat' dir='ltr'>quidem</span> <span class='ocrx_word' id='word_1_162' title='bbox 428 2247 663 2367; x_wconf 83' lang='lat' dir='ltr'>praecesseririt</span> <span class='ocrx_word' id='word_1_163' title='bbox 682 2288 854 2370; x_wconf 82' lang='lat' dir='ltr'>sponsalia,</span> <span class='ocrx_word' id='word_1_164' title='bbox 877 2288 999 2370; x_wconf 87' lang='lat' dir='ltr'>durent,</span> <span class='ocrx_word' id='word_1_165' title='bbox 1022 2249 1172 2371; x_wconf 57' lang='lat' dir='ltr'>quamvis,</span> 
     </span>
     <span class='ocr_line' id='line_1_24' title="bbox 159 2333 1170 2460; baseline 0.004 -24"><span class='ocrx_word' id='word_1_166' title='bbox 159 2333 224 2436; x_wconf 79' lang='lat' dir='ltr'>iain</span> <span class='ocrx_word' id='word_1_167' title='bbox 255 2394 386 2437; x_wconf 85' lang='lat' dir='ltr'>uxorem</span> <span class='ocrx_word' id='word_1_168' title='bbox 414 2395 483 2438; x_wconf 88' lang='lat' dir='ltr'>esse</span> <span class='ocrx_word' id='word_1_169' title='bbox 510 2378 604 2458; x_wconf 90' lang='lat' dir='ltr'>putet</span> <span class='ocrx_word' id='word_1_170' title='bbox 633 2375 688 2458; x_wconf 92' lang='lat' dir='ltr'>qui</span> <span class='ocrx_word' id='word_1_171' title='bbox 711 2375 814 2458; x_wconf 83' lang='lat' dir='ltr'>duxit,</span> <span class='ocrx_word' id='word_1_172' title='bbox 842 2376 870 2440; x_wconf 90' lang='lat' dir='ltr'>si</span> <span class='ocrx_word' id='word_1_173' title='bbox 891 2398 967 2441; x_wconf 86' lang='lat' dir='ltr'>vero</span> <span class='ocrx_word' id='word_1_174' title='bbox 989 2398 1055 2441; x_wconf 92' lang='lat' dir='ltr'>non</span> <span class='ocrx_word' id='word_1_175' title='bbox 1078 2398 1170 2460; x_wconf 90' lang='lat' dir='ltr'>prae-</span> 
     </span>
     <span class='ocr_line' id='line_1_25' title="bbox 160 2463 1171 2549; baseline 0.004 -23"><span class='ocrx_word' id='word_1_176' title='bbox 160 2463 322 2544; x_wconf 87' lang='lat' dir='ltr'>cesserint,</span> <span class='ocrx_word' id='word_1_177' title='bbox 341 2483 444 2546; x_wconf 88' lang='lat' dir='ltr'>neque</span> <span class='ocrx_word' id='word_1_178' title='bbox 464 2463 629 2547; x_wconf 87' lang='lat' dir='ltr'>sponsalia</span> <span class='ocrx_word' id='word_1_179' title='bbox 647 2485 766 2530; x_wconf 88' lang='lat' dir='ltr'>esse..</span> <span class='ocrx_word' id='word_1_180' title='bbox 782 2463 986 2549; x_wconf 81' lang='lat' dir='ltr'>.ideoque</span> <span class='ocrx_word' id='word_1_181' title='bbox 961 2487 989 2528; x_wconf 92' lang='lat' dir='ltr'>s1</span> <span class='ocrx_word' id='word_1_182' title='bbox 1004 2466 1171 2549; x_wconf 89' lang='lat' dir='ltr'>sponsalia</span> 
     </span>
     <span class='ocr_line' id='line_1_26' title="bbox 159 2551 681 2632; baseline 0.008 -18"><span class='ocrx_word' id='word_1_183' title='bbox 159 2551 404 2632; x_wconf 71' lang='lat' dir='ltr'>antecesserint,</span> <span class='ocrx_word' id='word_1_184' title='bbox 429 2552 517 2616; x_wconf 85' lang='lat' dir='ltr'>valet</span> <span class='ocrx_word' id='word_1_185' title='bbox 527 2551 681 2618; x_wconf 85' lang='lat' dir='ltr'>donatio.</span> 
     </span>
    </p>

    <p class='ocr_par' dir='ltr' id='par_1_8' title="bbox 157 2638 1170 3348">
     <span class='ocr_line' id='line_1_27' title="bbox 251 2638 1169 2728; baseline 0.003 -24"><span class='ocrx_word' id='word_1_186' title='bbox 251 2640 337 2704; x_wconf 83' lang='lat'><strong>116⁰.</strong></span> <span class='ocrx_word' id='word_1_187' title='bbox 355 2638 394 2705; x_wconf 93' lang='lat' dir='ltr'>D</span> <span class='ocrx_word' id='word_1_188' title='bbox 404 2641 456 2723; x_wconf 85' lang='grc'>23</span> <span class='ocrx_word' id='word_1_189' title='bbox 468 2643 496 2720; x_wconf 94' lang='lat' dir='ltr'>l,</span> <span class='ocrx_word' id='word_1_190' title='bbox 506 2641 535 2705; x_wconf 89' lang='lat'>9.</span> <span class='ocrx_word' id='word_1_191' title='bbox 567 2640 725 2727; x_wconf 87' lang='lat' dir='ltr'>Ulpianus</span> <span class='ocrx_word' id='word_1_192' title='bbox 744 2641 856 2707; x_wconf 93' lang='lat' dir='ltr'>librot</span> <span class='ocrx_word' id='word_1_193' title='bbox 842 2642 1035 2727; x_wconf 81' lang='lat' dir='ltr'>trigessimo</span> <span class='ocrx_word' id='word_1_194' title='bbox 1055 2643 1169 2728; x_wconf 93' lang='lat' dir='ltr'>quinto</span> 
     </span>
     <span class='ocr_line' id='line_1_28' title="bbox 159 2691 1170 2833; baseline 0.005 -41"><span class='ocrx_word' id='word_1_195' title='bbox 159 2728 199 2792; x_wconf 89' lang='lat' dir='ltr'>ad</span> <span class='ocrx_word' id='word_1_196' title='bbox 236 2728 459 2793; x_wconf 86' lang='lat' dir='ltr'>edictum-</span> <span class='ocrx_word' id='word_1_197' title='bbox 488 2691 627 2807; x_wconf 57' lang='lat' dir='ltr'>&#39;Quaesit</span> <span class='ocrx_word' id='word_1_198' title='bbox 628 2753 682 2794; x_wconf 92' lang='lat' dir='ltr'>um</span> <span class='ocrx_word' id='word_1_199' title='bbox 716 2735 767 2795; x_wconf 90' lang='lat' dir='ltr'>est</span> <span class='ocrx_word' id='word_1_200' title='bbox 799 2730 884 2815; x_wconf 89' lang='lat' dir='ltr'>apud</span> <span class='ocrx_word' id='word_1_201' title='bbox 915 2729 1090 2833; x_wconf 83' lang='lat' dir='ltr'>Iulianum,</span> <span class='ocrx_word' id='word_1_202' title='bbox 1127 2753 1170 2797; x_wconf 88' lang='lat' dir='ltr'>an</span> 
     </span>
     <span class='ocr_line' id='line_1_29' title="bbox 159 2817 1170 2903; baseline 0.006 -23"><span class='ocrx_word' id='word_1_203' title='bbox 159 2817 325 2903; x_wconf 88' lang='lat' dir='ltr'>sponsalia</span> <span class='ocrx_word' id='word_1_204' title='bbox 357 2819 436 2900; x_wconf 91' lang='lat' dir='ltr'>sint,</span> <span class='ocrx_word' id='word_1_205' title='bbox 468 2824 542 2882; x_wconf 92' lang='lat' dir='ltr'>ante</span> <span class='ocrx_word' id='word_1_206' title='bbox 575 2819 799 2884; x_wconf 86' lang='lat' dir='ltr'>duodecimum</span> <span class='ocrx_word' id='word_1_207' title='bbox 835 2841 954 2885; x_wconf 87' lang='lat' dir='ltr'>annum</span> <span class='ocrx_word' id='word_1_208' title='bbox 989 2820 1016 2884; x_wconf 89' lang='lat' dir='ltr'>si</span> <span class='ocrx_word' id='word_1_209' title='bbox 1048 2820 1170 2886; x_wconf 89' lang='lat' dir='ltr'>fuerint</span> 
     </span>
     <span class='ocr_line' id='line_1_30' title="bbox 157 2906 1169 2993; baseline 0.005 -24"><span class='ocrx_word' id='word_1_210' title='bbox 157 2906 289 2989; x_wconf 86' lang='lat' dir='ltr'>nuptiae</span> <span class='ocrx_word' id='word_1_211' title='bbox 326 2906 497 2971; x_wconf 79' lang='lat' dir='ltr'>celebratae.</span> <span class='ocrx_word' id='word_1_212' title='bbox 552 2910 586 2970; x_wconf 92' lang='lat' dir='ltr'>et</span> <span class='ocrx_word' id='word_1_213' title='bbox 623 2928 749 2993; x_wconf 87' lang='lat' dir='ltr'>semper</span> <span class='ocrx_word' id='word_1_214' title='bbox 779 2907 940 2973; x_wconf 82' lang='lat' dir='ltr'>Labeonis</span> <span class='ocrx_word' id='word_1_215' title='bbox 974 2910 1169 2974; x_wconf 81' lang='lat' dir='ltr'>sententiam</span> 
     </span>
     <span class='ocr_line' id='line_1_31' title="bbox 158 2995 1170 3096; baseline 0.006 -38"><span class='ocrx_word' id='word_1_216' title='bbox 158 2995 294 3078; x_wconf 86' lang='lat' dir='ltr'>probavi</span> <span class='ocrx_word' id='word_1_217' title='bbox 311 2995 394 3059; x_wconf 84' lang='lat' dir='ltr'>exist</span> <span class='ocrx_word' id='word_1_218' title='bbox 395 2995 497 3059; x_wconf 87' lang='lat' dir='ltr'>imant</span> <span class='ocrx_word' id='word_1_219' title='bbox 483 2996 536 3096; x_wconf 86' lang='lat' dir='ltr'>is,¹</span> <span class='ocrx_word' id='word_1_220' title='bbox 554 3017 582 3059; x_wconf 76' lang='grc' dir='ltr'>ει</span> <span class='ocrx_word' id='word_1_221' title='bbox 573 2995 725 3080; x_wconf 90' lang='lat' dir='ltr'>quidem</span> <span class='ocrx_word' id='word_1_222' title='bbox 744 2997 977 3083; x_wconf 85' lang='lat' dir='ltr'>praecesserint</span> <span class='ocrx_word' id='word_1_223' title='bbox 996 2999 1170 3082; x_wconf 89' lang='lat' dir='ltr'>sponsalia,</span> 
     </span>
     <span class='ocr_line' id='line_1_32' title="bbox 159 3083 1171 3174; baseline 0.006 -28"><span class='ocrx_word' id='word_1_224' title='bbox 159 3083 274 3147; x_wconf 88' lang='lat' dir='ltr'>durare</span> <span class='ocrx_word' id='word_1_225' title='bbox 294 3105 341 3168; x_wconf 88' lang='lat' dir='ltr'>ea,</span> <span class='ocrx_word' id='word_1_226' title='bbox 360 3084 508 3168; x_wconf 83' lang='lat' dir='ltr'>quamvis</span> <span class='ocrx_word' id='word_1_227' title='bbox 527 3087 561 3147; x_wconf 94' lang='lat' dir='ltr'>in</span> <span class='ocrx_word' id='word_1_228' title='bbox 582 3085 676 3150; x_wconf 90' lang='lat' dir='ltr'>domo</span> <span class='ocrx_word' id='word_1_229' title='bbox 695 3085 767 3151; x_wconf 90' lang='lat' dir='ltr'>loco</span> <span class='ocrx_word' id='word_1_230' title='bbox 787 3090 906 3170; x_wconf 86' lang='lat' dir='ltr'>nuptae</span> <span class='ocrx_word' id='word_1_231' title='bbox 925 3107 995 3152; x_wconf 87' lang='lat' dir='ltr'>esse</span> <span class='ocrx_word' id='word_1_232' title='bbox 1013 3088 1171 3174; x_wconf 80' lang='lat' dir='ltr'>coeperit3</span> 
     </span>
     <span class='ocr_line' id='line_1_33' title="bbox 159 3140 1171 3260; baseline 0.007 -25"><span class='ocrx_word' id='word_1_233' title='bbox 159 3172 187 3235; x_wconf 87' lang='lat' dir='ltr'>si</span> <span class='ocrx_word' id='word_1_234' title='bbox 214 3192 292 3236; x_wconf 83' lang='lat' dir='ltr'>vero</span> <span class='ocrx_word' id='word_1_235' title='bbox 320 3194 385 3237; x_wconf 93' lang='lat' dir='ltr'>non</span> <span class='ocrx_word' id='word_1_236' title='bbox 414 3173 660 3257; x_wconf 87' lang='lat' dir='ltr'>praecesserint,</span> <span class='ocrx_word' id='word_1_237' title='bbox 633 3174 785 3240; x_wconf 85' lang='lat' dir='ltr'>thos</span> <span class='ocrx_word' id='word_1_238' title='bbox 775 3196 847 3260; x_wconf 79' lang='lat' dir='ltr'>ipso</span> <span class='ocrx_word' id='word_1_239' title='bbox 869 3175 988 3260; x_wconf 89' lang='lat' dir='ltr'>quod</span> <span class='ocrx_word' id='word_1_240' title='bbox 978 3197 1011 3240; x_wconf 91' lang='grc' dir='ltr'>ιιι</span> <span class='ocrx_word' id='word_1_241' title='bbox 1036 3140 1171 3242; x_wconf 80' lang='lat' dir='ltr'>domuni</span> 
     </span>
     <span class='ocr_line' id='line_1_34' title="bbox 159 3258 885 3348; baseline 0.01 -26"><span class='ocrx_word' id='word_1_242' title='bbox 159 3258 296 3324; x_wconf 87' lang='lat' dir='ltr'>deducta</span> <span class='ocrx_word' id='word_1_243' title='bbox 319 3265 456 3327; x_wconf 91' lang='lat' dir='ltr'>estnon</span> <span class='ocrx_word' id='word_1_244' title='bbox 482 3262 582 3328; x_wconf 88' lang='lat' dir='ltr'>videri</span> <span class='ocrx_word' id='word_1_245' title='bbox 605 3263 769 3348; x_wconf 89' lang='lat' dir='ltr'>sponsalia</span> <span class='ocrx_word' id='word_1_246' title='bbox 792 3264 885 3329; x_wconf 85' lang='lat' dir='ltr'>facta.</span> 
     </span>
    </p>
   </div>
   <div class='ocr_carea' id='block_1_5' title="bbox 245 3373 520 3450">
    <p class='ocr_par' dir='ltr' id='par_1_9' title="bbox 245 3373 520 3450">
     <span class='ocr_line' id='line_1_35' title="bbox 245 3373 520 3450; baseline 0.015 -20"><span class='ocrx_word' id='word_1_247' title='bbox 245 3373 283 3433; x_wconf 91' lang='lat' dir='ltr'>cf.</span> <span class='ocrx_word' id='word_1_248' title='bbox 306 3390 398 3448; x_wconf 88' lang='lat' dir='ltr'>supra</span> <span class='ocrx_word' id='word_1_249' title='bbox 419 3394 448 3450; x_wconf 92' lang='lat' dir='ltr'>p.</span> <span class='ocrx_word' id='word_1_250' title='bbox 469 3377 520 3434; x_wconf 88' lang='grc'><strong>62</strong></span> 
     </span>
    </p>
   </div>
   <div class='ocr_carea' id='block_1_6' title="bbox 231 3521 523 3584">
    <p class='ocr_par' dir='ltr' id='par_1_10' title="bbox 231 3521 523 3584">
     <span class='ocr_line' id='line_1_36' title="bbox 231 3521 523 3584; baseline 0.01 -11"><span class='ocrx_word' id='word_1_251' title='bbox 231 3527 242 3573; x_wconf 86' lang='lat'>1</span> <span class='ocrx_word' id='word_1_252' title='bbox 264 3521 315 3576; x_wconf 75' lang='grc' dir='ltr'>ΡΖ.</span> <span class='ocrx_word' id='word_1_253' title='bbox 334 3523 438 3578; x_wconf 85' lang='lat' dir='ltr'>decem.</span> <span class='ocrx_word' id='word_1_254' title='bbox 520 3577 523 3584; x_wconf 79' lang='grc'><strong>,</strong></span> 
     </span>
    </p>
   </div>
   <div class='ocr_carea' id='block_1_7' title="bbox 0 0 1288 3890">
    <p class='ocr_par' dir='ltr' id='par_1_11' title="bbox 0 0 1288 3890">
     <span class='ocr_line' id='line_1_37' title="bbox 0 0 1288 3890; baseline 0 0"><span class='ocrx_word' id='word_1_255' title='bbox 0 0 1288 3890; x_wconf 95' lang='lat' dir='ltr'> </span> 
     </span>
    </p>
   </div>
  </div>
 </body>
</html>
