2580 3888
134 145 199 210 296
235 145 257 200 1.
277 142 434 198 AETATIS
452 141 612 200 AUGUSTI
630 142 677 198 ET
696 119 945 198 TIBERIIiURIS
966 142 1146 200 CONSULTI

134 329 244 378 euram
282 310 420 372 testator
456 305 657 370 mandaverit
693 310 726 370 et
757 307 812 370 illa
848 309 979 390 accepta
1010 309 1147 391 pecunia

133 395 231 460 funus
255 417 321 461 non
349 396 484 480 duxerit,
507 396 545 460 de
569 394 643 460 dolo
667 396 827 460 actionem
851 396 885 460 in
908 417 980 460 eum
1004 395 1145 461 dandam

134 483 222 548 Mela
246 483 385 570 scripsit.

226 574 278 639 23.
310 573 349 638 D.
365 573 415 656 17,
432 573 462 655 1,
476 573 528 654 22,
543 573 571 637 9.
617 571 737 637 Paulus
765 573 848 638 libro
876 574 1068 658 trigensimo
1098 595 1146 639 se-

137 662 239 726 eundo
269 662 309 726 ad
339 662 478 726 edietum
503 661 550 744 (P.
566 660 656 745 487).
686 697 724 708 -
755 661 926 746 Fugitivus
954 684 1045 728 meus
1073 684 1146 728 oum

137 751 221 836 apud
243 749 348 815 furem
372 754 468 827 esset,
490 750 658 832 pecuniam
683 750 838 835 adquisiit
861 755 955 822 etex
979 773 1017 816 ea
1036 773 1145 816 servos

136 840 265 923 paravit
293 861 412 924 eosque
440 839 543 903 Titius
570 838 743 922 maeotim
771 862 790 903 a
817 839 985 904 venditore
1014 839 1147 925 aceepit.

135 927 223 993 Mela
256 929 303 993 ait
335 927 481 992 mandati
510 927 636 992 actione
664 950 715 992 me
744 932 1004 1013 consecuturum,
1036 933 1072 992 ut
1100 951 1147 993 re·

126 1018 254 1084 ¹stituat
281 1017 361 1081 mihi
384 1015 488 1080 Titius
512 1015 679 1100 (servos),
708 1016 784 1100 quia
807 1037 918 1082 servus
942 1039 1032 1081 meua
1057 1039 1147 1083 man·

38 1141 40 1145 ·
137 1106 229 1171 dasae
247 1106 334 1171 Titio
358 1104 535 1189 videbatur,
559 1108 596 1168 ut
618 1103 792 1188 monodia
811 1105 979 1191 acciperet,
1003 1106 1146 1172 simodo

136 1200 254 1280 rogatu
283 1195 367 1259 servi
395 1194 456 1258 hoe
479 1193 603 1258 feeerit:
634 1195 718 1276 quod
742 1195 770 1258 si
794 1195 863 1259 sine
887 1196 1053 1260 voluntate
1077 1196 1147 1260 eius

136 1285 284 1350 venditor
301 1282 388 1348 Titio
411 1279 663 1367 mancipaveriffl,
686 1291 763 1348 tuno
785 1305 880 1368 posse
904 1305 955 1347 me
979 1287 1147 1368 exempto

138 1395 247 1458 agere,
275 1377 311 1438 ut
333 1372 415 1435 mihi
438 1393 493 1436 eos
516 1371 664 1436 venditor
687 1369 909 1454 manciparet³‚
933 1373 1150 1438 venditorem·

138 1484 199 1547 que
227 1483 285 1547 per
312 1461 546 1526 condictionem
579 1483 595 1524 a
620 1459 706 1526 Titio
730 1461 955 1545 repetiturum,
984 1462 1011 1526 si
1036 1483 1148 1526 servos

137 1547 381 1632 mancipaverit²
400 1548 486 1614 Titio
510 1570 590 1633 quos
613 1571 677 1614 non
701 1549 856 1634 debuerit,
879 1570 950 1614 oum
974 1549 1090 1615 debera
1113 1572 1148 1614 se

133 1638 346 1704 existimaret.

515 1760 562 1818 De
584 1761 765 1819 commodato.

228 1880 281 1944 24.
305 1878 343 1942 D.
360 1879 409 1957 13,
419 1879 449 1959 6,
458 1877 528 1959 5,7.
565 1877 723 1962 Ulpianus
743 1878 827 1943 libro
845 1879 1019 1944 vicensimo
1034 1883 1149 1944 octavo

140 1971 179 2032 ad
210 1968 351 2032 edictum
375 1965 425 2054 (P.
440 1963 529 2052 802).
553 2002 596 2012 -
694 1966 782 2031 Mela
810 1967 953 2052 scripsit,
981 1969 1009 2031 si
1038 1989 1150 2034 servus

139 2056 298 2140 lapidario
331 2055 553 2119 commodatus
586 2055 647 2119 sub
682 2055 831 2120 maehina
863 2057 1010 2140 perierit,
1046 2057 1151 2121 teneri

138 2143 268 2209 fabrum
292 2144 502 2226 commodati,
526 2144 581 2228 qui
605 2145 828 2228 neglegentius
853 2146 1035 2211 machinam
1060 2145 1151 2210 oolli-

8 2312 12 2322 .
141 2235 239 2320 gavit.

561 2354 608 2412 De
628 2355 726 2426 fartis.

228 2472 280 2538 25.
317 2471 357 2537 D.
375 2472 428 2554 47,
446 2473 475 2554 2,
495 2473 546 2553 52,
569 2475 597 2538 7.
649 2472 808 2556 Ulpianus
841 2473 925 2538 libro
959 2474 1150 2558 trigensimo

10 2637 12 2642 ¹
141 2563 279 2647 septimo
312 2562 352 2626 ad
385 2561 525 2626 edietum
552 2559 603 2650 (P.
624 2559 733 2650 1042).
762 2600 806 2609 -
832 2561 917 2627 Eum
951 2562 1151 2644 creditorem,

141 2653 196 2736 qui
218 2654 294 2735 post
317 2651 457 2716 solutam
481 2653 650 2734 pecuniam
673 2654 791 2737 pignus
814 2674 880 2716 non
902 2652 1026 2736 reddat,
1047 2651 1152 2716 teneri

141 2741 221 2806 furti
243 2740 330 2804 Mela
353 2741 412 2821 ait,
435 2741 464 2804 si
487 2738 610 2804 celandi
634 2742 742 2806 animo
766 2740 915 2805 retineat.

229 2830 282 2895 26.
304 2828 343 2893 D.
358 2828 435 2892 ibid.
450 2832 470 2908 ξ
487 2828 537 2894 18.
557 2865 598 2875 -
618 2827 652 2892 Si
677 2830 862 2894 ex'duobus
886 2829 981 2894 sociis
1007 2829 1151 2894 omnium

142 2920 299 2984 bonorum
328 2938 410 2980 unus
438 2938 505 2980 rem
533 2917 664 3001 pignori
692 2919 851 3000 acceperit
873 2939 973 3003 eaque
997 2918 1151 3001 subrepta

141 3009 198 3086 ait,
225 3006 313 3070 Mela
342 3005 470 3088 scripsit
498 3027 570 3070 eum
599 3005 703 3070 solum
731 3006 811 3070 furti
839 3007 957 3071 habere
982 3008 1153 3090 actionem,

133 3099 199 3182 qui
221 3094 353 3180 pignori
376 3093 513 3177 aceepit,
537 3093 659 3158 socium
682 3116 746 3159 non
771 3094 899 3160 habore.

230 3185 283 3250 27.
314 3183 353 3248 D.
371 3183 448 3247 ibid.
467 3184 487 3262 ἕ
507 3183 560 3248 22.
592 3220 630 3230 -
657 3183 782 3247 Maiora
815 3185 886 3266 quis
917 3184 1059 3269 pondera
1091 3183 1153 3250 tibi

143 3273 372 3357 commodavit,
399 3293 472 3336 oum
499 3293 620 3337 emeres
648 3274 688 3337 ad
712 3273 850 3358 pondus3
879 3273 959 3337 furti
982 3294 1054 3338 eum
1077 3294 1155 3338 ren·

143 3453 229 3568 td1
251 3446 325 3570 'frit
345 3461 395 3516 per
413 3444 603 3502 traditionem.
677 3447 792 3504 2Trib.
811 3446 965 3503 tradiderit.
1038 3447 1154 3506 3Tra'b.

157 3531 189 3569 ra
209 3531 274 3570 ore.
