2508 3896
392 192 417 240 2.
440 184 625 241 mosomus
645 183 797 241 SABINUS
1034 184 1099 250 519

91 354 170 413 furto
185 352 326 426 amiserit,
345 352 409 428 ipse
423 353 498 412 furti
511 353 602 413 habet
617 353 773 429 actionem,
790 372 851 413 non
865 352 1010 429 dominus,
1030 355 1101 429 quia

92 442 202 501 domini
228 442 303 500 nihil
329 442 457 500 interest
481 461 517 500 ea
538 460 597 502 non
619 443 757 518 periisse,
786 460 852 501 cum
875 441 984 501 iudicio
1007 442 1098 501 locati

91 550 108 590 a
135 532 247 590 fullone
271 532 325 589 aut
347 531 529 590 sarcinatore
552 550 640 590 suum
662 531 803 606 consequi
825 531 934 607 possit,
962 530 1098 590 simodo

92 619 116 680 is
142 621 217 679 fullo
245 622 298 678 aut
326 619 490 679 sarcinator
513 621 557 679 rei
584 619 781 696 praestandae
809 617 951 694 sufficiat,
979 619 1098 678 namsi

91 709 230 771 solvendo
250 726 310 766 non
330 711 384 783 est,
406 711 478 767 tunc
498 709 568 785 quis
586 709 623 768 ab
643 727 677 767 eo
696 707 833 768 dominus
853 725 939 766 suum
957 709 1099 785 consequi

91 815 149 856 non
170 799 280 873 potest,
302 796 361 872 ipsi
383 796 459 856 furti
480 797 557 856 actio
581 796 721 873 conpetit,
745 796 816 872 quia
838 796 894 856 hoc
915 813 986 854 casu
1003 796 1098 872 ipsius

89 885 214 946 interest
236 904 300 945 rem
319 885 433 944 salvam
452 903 525 945 esse.
562 904 638 962 quae
656 886 692 944 de
711 885 825 944 fullone
843 887 897 943 aut
915 884 1096 944 sarcinatore

89 974 224 1050 diximus,
248 973 351 1033 eadem
373 975 588 1034 transferemus
612 976 643 1033 et
665 973 704 1033 ad
726 992 794 1033 eum
817 973 865 1033 oui
886 991 951 1030 rem
970 991 1096 1032 commo-

88 1063 232 1124 davimus.
268 1081 339 1121 nam
360 1066 395 1122 ut
416 1063 463 1121 illi
481 1062 647 1123 mercedem
665 1062 808 1138 capiendo
827 1061 992 1121 custodiam
1011 1080 1096 1137 prae-

87 1154 178 1228 stant,
190 1152 235 1211 ita
248 1152 297 1210 hic
311 1170 426 1227 quoque
440 1152 546 1211 utendi
559 1152 745 1211 commodum
758 1151 947 1226 percipiendo
960 1149 1098 1208 similiter

85 1259 207 1300 necesse
239 1240 332 1299 habet
363 1239 528 1300 custodiam
555 1244 717 1317 praestare.
769 1240 821 1299 sed
848 1239 874 1299 is
903 1238 981 1314 apud
1008 1258 1098 1314 quem

86 1348 135 1389 res
164 1329 298 1406 deposita
324 1333 384 1405 est,
411 1328 577 1388 custodiam
604 1348 664 1388 non
690 1330 837 1405 praestat,
866 1331 1042 1403 tantumque
1064 1327 1096 1386 in

85 1436 120 1476 eo
141 1418 285 1477 obnoxius
305 1419 360 1493 est,
384 1417 410 1475 si
428 1417 500 1494 quid
518 1417 582 1493 ipse
602 1417 669 1477 dolo
688 1411 810 1495 <malo>
827 1415 939 1478 fecerit.
980 1433 1040 1492 qua
1059 1415 1096 1475 de

85 1525 176 1565 eausa
199 1501 268 1583 (si)
292 1523 339 1564 res
363 1506 391 1564 ei
414 1505 556 1582 subrepta
577 1506 683 1583 fucrit,
712 1506 783 1582 qnia
804 1503 1007 1564 restituendae
1031 1504 1095 1564 eius

84 1595 204 1654 nomine
224 1593 352 1671 depositi
370 1612 430 1655 non
448 1595 575 1668 tenetur,
594 1613 649 1654 nec
666 1596 703 1654 ob
717 1594 748 1653 id
763 1595 888 1653 interest
901 1612 966 1652 rem
980 1593 1095 1652 salvam

84 1701 161 1760 esse,
179 1683 255 1742 furti
274 1701 364 1759 agere
382 1701 442 1742 non
460 1685 568 1761 potest,
588 1683 640 1743 ssd
659 1701 694 1742 ea
712 1683 789 1741 actio
810 1683 927 1742 domino
942 1677 1096 1757 conpetit?

84 1770 150 1831 Gai.
167 1774 195 1845 3,
211 1774 394 1832 203-207.

407 1897 453 1954 De
476 1897 628 1956 arboribus
649 1898 776 1956 succisio.

173 2009 218 2069 De
232 2010 389 2070 arboribus
404 2012 526 2072 succisis
539 2011 678 2071 dixerunt
691 2012 822 2071 incertus
837 2010 957 2088 quidam
972 2007 1001 2092 (I
1010 2033 1038 2088 p.
1049 2006 1094 2095 8),

81 2098 245 2159 Trebatius
266 2091 307 2179 (p
318 2093 407 2180 419),
428 2102 527 2161 Labeo
546 2092 732 2181 (Eposo),
755 2102 785 2159 in
805 2101 949 2162 librorum
968 2101 1005 2160 ed
1024 2101 1094 2164 Sab.

80 2188 265 2264 scriptorum
300 2189 476 2267 fragmentis
513 2190 617 2266 Pomp.
647 2192 723 2267 675,
759 2190 843 2250 Paul.
873 2192 967 2251 1803.
998 2193 1094 2270 1804,

78 2276 152 2353 Ulp.
174 2277 317 2424 ddddum
331 2366 367 2425 de
379 2366 436 2426 hoc
449 2368 558 2426 delicto
573 2367 620 2427 vel
634 2368 665 2426 in
679 2367 764 2426 libris
779 2368 817 2426 ad
832 2368 962 2427 edictum
974 2371 1092 2444 praeto·

76 2453 122 2514 ris
133 2452 242 2512 urbani
251 2453 360 2513 dixisse
369 2454 481 2515 iudicat
490 2455 637 2530 Ulpianus
647 2455 683 2516 D.
695 2458 746 2533 47,
754 2459 784 2532 4,
793 2458 820 2531 7,
830 2457 848 2515 5
860 2477 885 2516 v.
893 2456 972 2515 infra
980 2477 1007 2532 p.
1019 2458 1093 2518 571.

449 2632 496 2690 Dc
518 2632 576 2705 lece
597 2629 727 2704 Aqotb‘o.

171 2745 217 2804 De
239 2745 306 2823 lege
324 2744 448 2820 Aquilia
469 2745 608 2805 dixerunt
626 2745 738 2803 Brutus
760 2735 790 2824 (I
798 2764 827 2819 p.
838 2737 904 2826 24),
927 2746 960 2816 Q.
975 2746 1091 2806 Mucius

75 2829 123 2918 (p.
146 2826 216 2914 88),
251 2833 372 2893 Servius
404 2826 446 2913 (p.
466 2827 558 2914 210),
590 2834 716 2893 Alfenus
749 2824 791 2913 (p.
814 2834 877 2892 284
887 2853 930 2910 sq.
950 2837 1014 2894 324
1025 2829 1091 2916 sq),

76 2923 189 2986 Ofilius
213 2916 255 3000 (p.
268 2914 355 3004 357),
378 2922 478 2984 Labeo
497 2917 541 3002 (Π
550 2945 578 3000 p.
592 2925 641 2983 74.
653 2924 724 2983 106.
735 2916 824 3001 258),
846 2922 925 2982 Mela
944 2916 986 3004 (p.
999 2918 1091 3002 297),

74 3015 109 3074 in
139 3011 287 3072 librorum
309 3013 348 3071 ad
371 3011 439 3072 Sub.
462 3013 638 3090 fragmentis
661 3011 745 3070 Paul.
761 3013 992 3088 1805-1809,
1022 3011 1091 3088 Ulp.

75 3104 111 3163 P.
128 3102 225 3161 2888.
262 3100 418 3177 Pomponii
440 3101 609 3177 fragmenta
630 3119 689 3160 uon
712 3101 838 3159 exstant.

78 3237 80 3244 ,
171 3184 291 3249 ‘Damni
309 3189 436 3248 iniuriae
450 3190 527 3248 actio
542 3189 736 3250 constituitur
747 3207 801 3264 per
814 3188 913 3264 legem
927 3189 1089 3266 Aquiliam,

74 3281 166 3340 cuius
179 3279 276 3355 primo
291 3279 388 3356 capite
403 3281 524 3337 cautum
534 3281 588 3355 est,
602 3272 658 3356 <ut
668 3272 714 3354 si>
724 3277 790 3353 quis
799 3278 948 3337 hominem
959 3279 1088 3338 alienum

73 3369 246 3428 alienamve
270 3367 490 3444 quadrupedem
508 3387 584 3443 quae
602 3365 749 3444 pecudum
767 3385 890 3425 numero
910 3368 957 3446 sit,
980 3367 1090 3426 iniuria

72 3454 228 3529 occiderit,
252 3457 357 3532 quanti
380 3474 415 3514 ea
437 3475 485 3516 res
508 3457 541 3516 in
559 3476 593 3516 eo
612 3473 688 3514 anno
706 3455 829 3532 plurimi
846 3456 946 3533 fuerit,
969 3459 1089 3516 tantum

72 3542 200 3605 domino
219 3543 290 3602 dare
304 3544 470 3605 damnetur.
506 3546 617 3606 iniuria
631 3548 732 3605 autem
746 3545 877 3606 occidere
891 3546 1088 3625 intellegitur,
