<?xml version="1.0" encoding="UTF-8"?>
<!DOCTYPE html PUBLIC "-//W3C//DTD XHTML 1.0 Transitional//EN"
    "http://www.w3.org/TR/xhtml1/DTD/xhtml1-transitional.dtd">
<html xmlns="http://www.w3.org/1999/xhtml" xml:lang="en" lang="en">
 <head>
  <title>
</title>
<meta http-equiv="Content-Type" content="text/html;charset=utf-8" />
  <meta name='ocr-system' content='tesseract 3.04.00' />
  <meta name='ocr-capabilities' content='ocr_page ocr_carea ocr_par ocr_line ocrx_word'/>
</head>
<body>
  <div class='ocr_page' id='page_1' title='image "./iurisprudentiae04bremgoog_0088.png"; bbox 0 0 2506 3880; ppageno 0'>
   <div class='ocr_carea' id='block_1_1' title="bbox 152 159 1160 245">
    <p class='ocr_par' dir='ltr' id='par_1_1' title="bbox 152 159 1160 245">
     <span class='ocr_line' id='line_1_1' title="bbox 152 159 1160 245; baseline -0.004 -17"><span class='ocrx_word' id='word_1_1' title='bbox 152 159 209 238; x_wconf 75' lang='lat'><strong>80&#39;</strong></span> <span class='ocrx_word' id='word_1_2' title='bbox 231 175 251 230; x_wconf 85' lang='lat'><strong>1.</strong></span> <span class='ocrx_word' id='word_1_3' title='bbox 279 172 432 228; x_wconf 77' lang='lat' dir='ltr'><strong>narsus</strong></span> <span class='ocrx_word' id='word_1_4' title='bbox 456 171 613 245; x_wconf 79' lang='lat' dir='ltr'><strong>nueusri</strong></span> <span class='ocrx_word' id='word_1_5' title='bbox 637 172 683 225; x_wconf 84' lang='lat' dir='ltr'><strong>nr</strong></span> <span class='ocrx_word' id='word_1_6' title='bbox 706 171 842 226; x_wconf 74' lang='lat' dir='ltr'><strong>rinnau</strong></span> <span class='ocrx_word' id='word_1_7' title='bbox 864 171 960 227; x_wconf 77' lang='lat' dir='ltr'><strong>roais</strong></span> <span class='ocrx_word' id='word_1_8' title='bbox 984 163 1160 226; x_wconf 77' lang='lat' dir='ltr'><strong>consumi</strong></span> 
     </span>
    </p>
   </div>
   <div class='ocr_carea' id='block_1_2' title="bbox 533 347 1244 464">
    <p class='ocr_par' dir='ltr' id='par_1_2' title="bbox 533 347 1244 464">
     <span class='ocr_line' id='line_1_2' title="bbox 533 347 1244 464; baseline -0.013 -46"><span class='ocrx_word' id='word_1_9' title='bbox 533 429 536 434; x_wconf 21' lang='lat'>¹</span> <span class='ocrx_word' id='word_1_10' title='bbox 577 359 685 427; x_wconf 63' lang='lat' dir='ltr'><strong>nites</strong></span> <span class='ocrx_word' id='word_1_11' title='bbox 707 359 755 448; x_wconf 54' lang='lat' dir='ltr'><strong>x„</strong></span> <span class='ocrx_word' id='word_1_12' title='bbox 1101 347 1104 352; x_wconf 86' lang='grc'><strong><em>·</em></strong></span> <span class='ocrx_word' id='word_1_13' title='bbox 1141 420 1152 441; x_wconf 68' lang='lat'><strong>.,</strong></span> <span class='ocrx_word' id='word_1_14' title='bbox 1241 413 1244 464; x_wconf 64' lang='lat'><strong>,</strong></span> 
     </span>
    </p>
   </div>
   <div class='ocr_carea' id='block_1_3' title="bbox 141 475 1244 899">
    <p class='ocr_par' dir='ltr' id='par_1_3' title="bbox 141 475 1244 899">
     <span class='ocr_line' id='line_1_3' title="bbox 208 475 1160 561; baseline -0.001 -18"><span class='ocrx_word' id='word_1_15' title='bbox 208 500 212 507; x_wconf 74' lang='grc'><em>’</em></span> <span class='ocrx_word' id='word_1_16' title='bbox 244 479 294 556; x_wconf 87' lang='grc'><strong>15.</strong></span> <span class='ocrx_word' id='word_1_17' title='bbox 317 477 402 543; x_wconf 87' lang='lat' dir='ltr'><strong>Fest.</strong></span> <span class='ocrx_word' id='word_1_18' title='bbox 417 475 507 544; x_wconf 65' lang='lat'>34812.</span> <span class='ocrx_word' id='word_1_19' title='bbox 526 515 569 524; x_wconf 87' lang='lat'>-</span> <span class='ocrx_word' id='word_1_20' title='bbox 593 475 750 561; x_wconf 81' lang='lat' dir='ltr'><strong>Spurcum</strong></span> <span class='ocrx_word' id='word_1_21' title='bbox 765 477 875 541; x_wconf 85' lang='lat' dir='ltr'><strong>vinum</strong></span> <span class='ocrx_word' id='word_1_22' title='bbox 891 480 949 558; x_wconf 90' lang='lat' dir='ltr'><strong>est,</strong></span> <span class='ocrx_word' id='word_1_23' title='bbox 964 475 1048 560; x_wconf 90' lang='lat' dir='ltr'><strong>quod</strong></span> <span class='ocrx_word' id='word_1_24' title='bbox 1064 477 1160 542; x_wconf 87' lang='lat' dir='ltr'><strong>saeris</strong></span> 
     </span>
     <span class='ocr_line' id='line_1_4' title="bbox 152 563 1161 646; baseline -0.002 -14"><span class='ocrx_word' id='word_1_25' title='bbox 152 566 298 632; x_wconf 76' lang='lat' dir='ltr'><strong>adhiberi</strong></span> <span class='ocrx_word' id='word_1_26' title='bbox 325 567 504 646; x_wconf 82' lang='lat' dir='ltr'><strong>nonlicet,</strong></span> <span class='ocrx_word' id='word_1_27' title='bbox 533 569 569 631; x_wconf 93' lang='lat' dir='ltr'><strong>ut</strong></span> <span class='ocrx_word' id='word_1_28' title='bbox 592 569 640 631; x_wconf 88' lang='lat' dir='ltr'><strong>sit</strong></span> <span class='ocrx_word' id='word_1_29' title='bbox 661 567 770 631; x_wconf 81' lang='lat' dir='ltr'>Labeo</span> <span class='ocrx_word' id='word_1_30' title='bbox 793 565 958 630; x_wconf 75' lang='lat' dir='ltr'><strong>Antistius</strong></span> <span class='ocrx_word' id='word_1_31' title='bbox 978 566 1002 630; x_wconf 91' lang='lat' dir='ltr'><strong>l.</strong></span> <span class='ocrx_word' id='word_1_32' title='bbox 1025 563 1056 630; x_wconf 90' lang='lat' dir='ltr'>X</span> <span class='ocrx_word' id='word_1_33' title='bbox 1080 587 1161 636; x_wconf 89' lang='lat' dir='ltr'><strong>oom-</strong></span> 
     </span>
     <span class='ocr_line' id='line_1_5' title="bbox 153 654 1161 740; baseline -0.002 -20"><span class='ocrx_word' id='word_1_34' title='bbox 153 656 292 720; x_wconf 86' lang='lat' dir='ltr'><strong>mentari</strong></span> <span class='ocrx_word' id='word_1_35' title='bbox 332 656 409 720; x_wconf 90' lang='lat' dir='ltr'><strong>iuris</strong></span> <span class='ocrx_word' id='word_1_36' title='bbox 451 656 608 740; x_wconf 81' lang='lat' dir='ltr'><strong>pontifici,</strong></span> <span class='ocrx_word' id='word_1_37' title='bbox 645 657 695 719; x_wconf 87' lang='lat' dir='ltr'><strong>eui</strong></span> <span class='ocrx_word' id='word_1_38' title='bbox 733 676 817 738; x_wconf 85' lang='lat' dir='ltr'><strong>aqua</strong></span> <span class='ocrx_word' id='word_1_39' title='bbox 853 654 996 718; x_wconf 85' lang='lat' dir='ltr'><strong>admixta</strong></span> <span class='ocrx_word' id='word_1_40' title='bbox 1029 657 1078 718; x_wconf 89' lang='lat' dir='ltr'><strong>est</strong></span> <span class='ocrx_word' id='word_1_41' title='bbox 1113 654 1161 718; x_wconf 90' lang='lat' dir='ltr'><strong>de·</strong></span> 
     </span>
     <span class='ocr_line' id='line_1_6' title="bbox 151 743 1244 830; baseline -0.002 -22"><span class='ocrx_word' id='word_1_42' title='bbox 151 743 314 810; x_wconf 83' lang='lat' dir='ltr'><strong>frutumve</strong></span> <span class='ocrx_word' id='word_1_43' title='bbox 344 749 401 809; x_wconf 89' lang='lat' dir='ltr'><strong>aut</strong></span> <span class='ocrx_word' id='word_1_44' title='bbox 428 745 503 830; x_wconf 83' lang='lat' dir='ltr'><strong>igne</strong></span> <span class='ocrx_word' id='word_1_45' title='bbox 530 748 654 809; x_wconf 81' lang='lat' dir='ltr'><strong>tautum</strong></span> <span class='ocrx_word' id='word_1_46' title='bbox 685 748 735 809; x_wconf 89' lang='lat' dir='ltr'><strong>est</strong></span> <span class='ocrx_word' id='word_1_47' title='bbox 763 747 957 826; x_wconf 77' lang='lat' dir='ltr'><strong>mustumve,</strong></span> <span class='ocrx_word' id='word_1_48' title='bbox 990 746 1162 827; x_wconf 82' lang='lat' dir='ltr'><strong>antequam</strong></span> <span class='ocrx_word' id='word_1_49' title='bbox 1242 753 1244 780; x_wconf 69' lang='lat'><em>³</em></span> 
     </span>
     <span class='ocr_line' id='line_1_7' title="bbox 141 833 358 899; baseline 0.005 -2"><span class='ocrx_word' id='word_1_50' title='bbox 141 833 358 899; x_wconf 76' lang='lat' dir='ltr'><strong>¹defervescat.</strong></span> 
     </span>
    </p>
   </div>
   <div class='ocr_carea' id='block_1_4' title="bbox 570 953 1244 1106">
    <p class='ocr_par' dir='ltr' id='par_1_4' title="bbox 570 953 1244 1106">
     <span class='ocr_line' id='line_1_8' title="bbox 570 953 1244 1106; baseline 0.004 -95"><span class='ocrx_word' id='word_1_51' title='bbox 570 953 685 1012; x_wconf 88' lang='lat' dir='ltr'><strong>Liber·</strong></span> <span class='ocrx_word' id='word_1_52' title='bbox 700 953 750 1012; x_wconf 86' lang='lat' dir='ltr'><strong>XI.</strong></span> <span class='ocrx_word' id='word_1_53' title='bbox 1242 1019 1244 1106; x_wconf 63' lang='grc'><strong>1</strong></span> 
     </span>
    </p>
   </div>
   <div class='ocr_carea' id='block_1_5' title="bbox 244 1029 1244 1160">
    <p class='ocr_par' dir='ltr' id='par_1_5' title="bbox 244 1029 1244 1160">
     <span class='ocr_line' id='line_1_9' title="bbox 244 1029 1244 1160; baseline -0.003 -21"><span class='ocrx_word' id='word_1_54' title='bbox 244 1075 293 1139; x_wconf 89' lang='grc'><strong>16.</strong></span> <span class='ocrx_word' id='word_1_55' title='bbox 317 1072 402 1136; x_wconf 87' lang='lat' dir='ltr'><strong>Fest.</strong></span> <span class='ocrx_word' id='word_1_56' title='bbox 421 1073 508 1138; x_wconf 74' lang='lat'>253⁸.</span> <span class='ocrx_word' id='word_1_57' title='bbox 535 1045 574 1118; x_wconf 44' lang='grc' dir='ltr'><strong>ζ-</strong></span> <span class='ocrx_word' id='word_1_58' title='bbox 600 1072 697 1155; x_wconf 86' lang='lat' dir='ltr'><strong>Prox,</strong></span> <span class='ocrx_word' id='word_1_59' title='bbox 719 1071 805 1136; x_wconf 92' lang='lat' dir='ltr'><strong>bona</strong></span> <span class='ocrx_word' id='word_1_60' title='bbox 828 1094 899 1151; x_wconf 83' lang='lat' dir='ltr'><strong>uox,</strong></span> <span class='ocrx_word' id='word_1_61' title='bbox 922 1029 1012 1136; x_wconf 87' lang='lat' dir='ltr'><strong>uelut</strong></span> <span class='ocrx_word' id='word_1_62' title='bbox 1035 1071 1163 1156; x_wconf 87' lang='lat' dir='ltr'><strong>quidam</strong></span> <span class='ocrx_word' id='word_1_63' title='bbox 1242 1109 1244 1160; x_wconf 79' lang='lat' dir='ltr'><strong>l</strong></span> 
     </span>
    </p>
   </div>
   <div class='ocr_carea' id='block_1_6' title="bbox 91 1159 1173 1317">
    <p class='ocr_par' dir='ltr' id='par_1_6' title="bbox 91 1159 1173 1317">
     <span class='ocr_line' id='line_1_10' title="bbox 152 1159 1173 1315; baseline -0.006 -88"><span class='ocrx_word' id='word_1_64' title='bbox 152 1161 429 1315; x_wconf 54' lang='lat' dir='ltr'><strong>praespgrppipoarel</strong></span> <span class='ocrx_word' id='word_1_65' title='bbox 451 1161 593 1244; x_wconf 88' lang='lat' dir='ltr'><strong>uidetur,</strong></span> <span class='ocrx_word' id='word_1_66' title='bbox 621 1165 658 1225; x_wconf 92' lang='lat' dir='ltr'><strong>nt</strong></span> <span class='ocrx_word' id='word_1_67' title='bbox 685 1160 733 1224; x_wconf 86' lang='lat' dir='ltr'><strong>ait</strong></span> <span class='ocrx_word' id='word_1_68' title='bbox 759 1159 867 1224; x_wconf 82' lang='lat' dir='ltr'>Labeo</span> <span class='ocrx_word' id='word_1_69' title='bbox 897 1159 935 1224; x_wconf 90' lang='lat' dir='ltr'><strong>de</strong></span> <span class='ocrx_word' id='word_1_70' title='bbox 962 1161 1032 1224; x_wconf 85' lang='lat' dir='ltr'><strong>iure</strong></span> <span class='ocrx_word' id='word_1_71' title='bbox 1060 1162 1173 1252; x_wconf 80' lang='lat' dir='ltr'><strong>ponti-&#39;</strong></span> 
     </span>
     <span class='ocr_line' id='line_1_11' title="bbox 91 1273 348 1317; baseline -0.016 1"><span class='ocrx_word' id='word_1_72' title='bbox 91 1284 92 1289; x_wconf 43' lang='lat'>¹</span> <span class='ocrx_word' id='word_1_73' title='bbox 177 1273 226 1317; x_wconf 91' lang='lat' dir='ltr'><strong>o1o</strong></span> <span class='ocrx_word' id='word_1_74' title='bbox 268 1301 274 1316; x_wconf 92' lang='lat'><strong>.</strong></span> <span class='ocrx_word' id='word_1_75' title='bbox 341 1299 348 1314; x_wconf 91' lang='lat'><strong>.</strong></span> 
     </span>
    </p>
   </div>
   <div class='ocr_carea' id='block_1_7' title="bbox 33 1368 1173 2282">
    <p class='ocr_par' dir='ltr' id='par_1_7' title="bbox 525 1368 836 1428">
     <span class='ocr_line' id='line_1_12' title="bbox 525 1368 836 1428; baseline -0.003 -1"><span class='ocrx_word' id='word_1_76' title='bbox 525 1381 529 1389; x_wconf 86' lang='lat'><em>&#39;</em></span> <span class='ocrx_word' id='word_1_77' title='bbox 564 1369 672 1428; x_wconf 88' lang='lat' dir='ltr'><strong>Liber</strong></span> <span class='ocrx_word' id='word_1_78' title='bbox 688 1368 758 1428; x_wconf 74' lang='lat' dir='ltr'><strong>XV.</strong></span> <span class='ocrx_word' id='word_1_79' title='bbox 833 1381 836 1386; x_wconf 87' lang='lat'>&#39;</span> 
     </span>
    </p>

    <p class='ocr_par' dir='ltr' id='par_1_8' title="bbox 114 1485 1168 1922">
     <span class='ocr_line' id='line_1_13' title="bbox 114 1485 1166 1566; baseline -0.002 -13"><span class='ocrx_word' id='word_1_80' title='bbox 114 1504 115 1509; x_wconf 75' lang='grc'>’</span> <span class='ocrx_word' id='word_1_81' title='bbox 245 1490 294 1553; x_wconf 81' lang='grc'><strong>17.</strong></span> <span class='ocrx_word' id='word_1_82' title='bbox 319 1487 405 1553; x_wconf 77' lang='lat' dir='ltr'><strong>Fest.</strong></span> <span class='ocrx_word' id='word_1_83' title='bbox 424 1487 510 1553; x_wconf 69' lang='lat'>351².</span> <span class='ocrx_word' id='word_1_84' title='bbox 537 1526 574 1535; x_wconf 89' lang='lat'>—</span> <span class='ocrx_word' id='word_1_85' title='bbox 601 1485 720 1553; x_wconf 82' lang='lat' dir='ltr'><strong>Sistens</strong></span> <span class='ocrx_word' id='word_1_86' title='bbox 742 1487 820 1552; x_wconf 83' lang='lat' dir='ltr'><strong>fana</strong></span> <span class='ocrx_word' id='word_1_87' title='bbox 843 1510 915 1553; x_wconf 89' lang='lat' dir='ltr'><strong>oum</strong></span> <span class='ocrx_word' id='word_1_88' title='bbox 938 1488 972 1566; x_wconf 90' lang='lat' dir='ltr'><strong>in</strong></span> <span class='ocrx_word' id='word_1_89' title='bbox 995 1489 1075 1553; x_wconf 89' lang='lat' dir='ltr'><strong>urbe</strong></span> <span class='ocrx_word' id='word_1_90' title='bbox 1095 1509 1166 1553; x_wconf 87' lang='lat' dir='ltr'><strong>eon-</strong></span> 
     </span>
     <span class='ocr_line' id='line_1_14' title="bbox 155 1575 1165 1662; baseline -0.002 -21"><span class='ocrx_word' id='word_1_91' title='bbox 155 1577 258 1642; x_wconf 90' lang='lat' dir='ltr'><strong>denda</strong></span> <span class='ocrx_word' id='word_1_92' title='bbox 294 1577 422 1660; x_wconf 87' lang='lat' dir='ltr'><strong>dieitur,</strong></span> <span class='ocrx_word' id='word_1_93' title='bbox 455 1577 618 1660; x_wconf 85' lang='lat' dir='ltr'><strong>significat</strong></span> <span class='ocrx_word' id='word_1_94' title='bbox 654 1577 726 1641; x_wconf 88' lang='lat' dir='ltr'><strong>loea</strong></span> <span class='ocrx_word' id='word_1_95' title='bbox 761 1579 795 1640; x_wconf 92' lang='lat' dir='ltr'><strong>in</strong></span> <span class='ocrx_word' id='word_1_96' title='bbox 830 1577 948 1661; x_wconf 89' lang='lat' dir='ltr'><strong>oppido</strong></span> <span class='ocrx_word' id='word_1_97' title='bbox 983 1575 1165 1662; x_wconf 83' lang='lat' dir='ltr'><strong>futurorum</strong></span> 
     </span>
     <span class='ocr_line' id='line_1_15' title="bbox 154 1665 1168 1750; baseline -0.002 -20"><span class='ocrx_word' id='word_1_98' title='bbox 154 1667 304 1731; x_wconf 78' lang='lat' dir='ltr'><strong>fanorum</strong></span> <span class='ocrx_word' id='word_1_99' title='bbox 323 1668 526 1731; x_wconf 89' lang='lat' dir='ltr'><strong>oonst&#39;tuere.</strong></span> <span class='ocrx_word' id='word_1_100' title='bbox 563 1665 802 1750; x_wconf 85' lang='lat' dir='ltr'><strong>quam&lt;qnam&gt;</strong></span> <span class='ocrx_word' id='word_1_101' title='bbox 816 1665 979 1730; x_wconf 80' lang='lat' dir='ltr'><strong>Antistius</strong></span> <span class='ocrx_word' id='word_1_102' title='bbox 994 1665 1101 1730; x_wconf 86' lang='lat' dir='ltr'>Labeo</span> <span class='ocrx_word' id='word_1_103' title='bbox 1121 1666 1168 1729; x_wconf 92' lang='lat' dir='ltr'><strong>ait</strong></span> 
     </span>
     <span class='ocr_line' id='line_1_16' title="bbox 158 1753 1167 1838; baseline -0.001 -19"><span class='ocrx_word' id='word_1_104' title='bbox 158 1757 192 1820; x_wconf 91' lang='lat' dir='ltr'><strong>in</strong></span> <span class='ocrx_word' id='word_1_105' title='bbox 215 1755 446 1828; x_wconf 82' lang='lat' dir='ltr'><strong>commentario</strong></span> <span class='ocrx_word' id='word_1_106' title='bbox 470 1753 533 1820; x_wconf 86' lang='lat' dir='ltr'><strong>XV</strong></span> <span class='ocrx_word' id='word_1_107' title='bbox 560 1755 640 1819; x_wconf 86' lang='lat' dir='ltr'><strong>iuris</strong></span> <span class='ocrx_word' id='word_1_108' title='bbox 665 1754 824 1838; x_wconf 80' lang='lat' dir='ltr'><strong>pontifici,</strong></span> <span class='ocrx_word' id='word_1_109' title='bbox 852 1753 928 1818; x_wconf 87' lang='lat' dir='ltr'><strong>fana</strong></span> <span class='ocrx_word' id='word_1_110' title='bbox 956 1755 1069 1819; x_wconf 86' lang='lat' dir='ltr'><strong>sistere</strong></span> <span class='ocrx_word' id='word_1_111' title='bbox 1097 1775 1167 1818; x_wconf 86' lang='lat' dir='ltr'><strong>esse</strong></span> 
     </span>
     <span class='ocr_line' id='line_1_17' title="bbox 154 1841 980 1922; baseline -0.001 -15"><span class='ocrx_word' id='word_1_112' title='bbox 154 1844 352 1922; x_wconf 81' lang='lat' dir='ltr'><strong>lectisternia</strong></span> <span class='ocrx_word' id='word_1_113' title='bbox 375 1845 470 1909; x_wconf 88' lang='lat' dir='ltr'><strong>oertis</strong></span> <span class='ocrx_word' id='word_1_114' title='bbox 493 1844 572 1909; x_wconf 86' lang='lat' dir='ltr'><strong>loeis</strong></span> <span class='ocrx_word' id='word_1_115' title='bbox 597 1849 630 1908; x_wconf 87' lang='lat' dir='ltr'><strong>et</strong></span> <span class='ocrx_word' id='word_1_116' title='bbox 653 1844 701 1908; x_wconf 87' lang='lat' dir='ltr'><strong>dis</strong></span> <span class='ocrx_word' id='word_1_117' title='bbox 716 1841 851 1907; x_wconf 75' lang='lat' dir='ltr'><strong>&#39;habere</strong></span> <span class='ocrx_word' id='word_1_118' title='bbox 978 1893 980 1898; x_wconf 83' lang='lat'><em>.</em></span> 
     </span>
    </p>

    <p class='ocr_par' dir='ltr' id='par_1_9' title="bbox 130 1931 1168 2016">
     <span class='ocr_line' id='line_1_18' title="bbox 130 1931 1168 2016; baseline -0.007 -14"><span class='ocrx_word' id='word_1_119' title='bbox 130 1997 132 2002; x_wconf 90' lang='lat'><em>.</em></span> <span class='ocrx_word' id='word_1_120' title='bbox 246 1933 299 1998; x_wconf 85' lang='grc'><strong>18.</strong></span> <span class='ocrx_word' id='word_1_121' title='bbox 328 1931 411 1997; x_wconf 84' lang='lat' dir='ltr'><strong>Fest.</strong></span> <span class='ocrx_word' id='word_1_122' title='bbox 432 1931 520 1996; x_wconf 72' lang='lat'><strong>351⁸.</strong></span> <span class='ocrx_word' id='word_1_123' title='bbox 554 1969 592 1979; x_wconf 93' lang='lat'><em>-</em></span> <span class='ocrx_word' id='word_1_124' title='bbox 629 1931 783 2016; x_wconf 82' lang='lat' dir='ltr'><strong>Subigere</strong></span> <span class='ocrx_word' id='word_1_125' title='bbox 817 1931 952 1997; x_wconf 90' lang='lat' dir='ltr'><strong>arietem</strong></span> <span class='ocrx_word' id='word_1_126' title='bbox 990 1931 1023 1999; x_wconf 88' lang='lat' dir='ltr'><strong>in</strong></span> <span class='ocrx_word' id='word_1_127' title='bbox 1055 1931 1168 1996; x_wconf 86' lang='lat' dir='ltr'><strong>eodem</strong></span> 
     </span>
    </p>

    <p class='ocr_par' dir='ltr' id='par_1_10' title="bbox 33 2020 1173 2282">
     <span class='ocr_line' id='line_1_19' title="bbox 33 2020 1170 2105; baseline -0.001 -20"><span class='ocrx_word' id='word_1_128' title='bbox 33 2063 37 2070; x_wconf 91' lang='lat'><em>-</em></span> <span class='ocrx_word' id='word_1_129' title='bbox 154 2022 238 2086; x_wconf 88' lang='lat' dir='ltr'><strong>libro</strong></span> <span class='ocrx_word' id='word_1_130' title='bbox 271 2023 434 2084; x_wconf 83' lang='lat' dir='ltr'><strong>Antistius</strong></span> <span class='ocrx_word' id='word_1_131' title='bbox 467 2041 537 2084; x_wconf 87' lang='lat' dir='ltr'><strong>esse</strong></span> <span class='ocrx_word' id='word_1_132' title='bbox 574 2021 619 2085; x_wconf 88' lang='lat' dir='ltr'><strong>ait</strong></span> <span class='ocrx_word' id='word_1_133' title='bbox 656 2021 732 2085; x_wconf 85' lang='lat' dir='ltr'><strong>dare</strong></span> <span class='ocrx_word' id='word_1_134' title='bbox 768 2020 913 2105; x_wconf 90' lang='lat' dir='ltr'><strong>arietem,</strong></span> <span class='ocrx_word' id='word_1_135' title='bbox 947 2021 1001 2104; x_wconf 91' lang='lat' dir='ltr'><strong>qui</strong></span> <span class='ocrx_word' id='word_1_136' title='bbox 1038 2042 1097 2104; x_wconf 92' lang='lat' dir='ltr'><strong>pro</strong></span> <span class='ocrx_word' id='word_1_137' title='bbox 1135 2042 1170 2086; x_wconf 90' lang='lat' dir='ltr'><strong>se</strong></span> 
     </span>
     <span class='ocr_line' id='line_1_20' title="bbox 156 2110 456 2194; baseline 0.007 -22"><span class='ocrx_word' id='word_1_138' title='bbox 156 2112 273 2194; x_wconf 87' lang='lat' dir='ltr'><strong>agatur</strong></span> <span class='ocrx_word' id='word_1_139' title='bbox 296 2110 456 2174; x_wconf 89' lang='lat' dir='ltr'><strong>eaedatur.</strong></span> 
     </span>
     <span class='ocr_line' id='line_1_21' title="bbox 248 2195 1173 2282; baseline 0.003 -23"><span class='ocrx_word' id='word_1_140' title='bbox 248 2197 297 2260; x_wconf 81' lang='lat'><strong>19.</strong></span> <span class='ocrx_word' id='word_1_141' title='bbox 320 2195 684 2282; x_wconf 79' lang='lat' dir='ltr'><strong>Plin.h.n.10,14,37.</strong></span> <span class='ocrx_word' id='word_1_142' title='bbox 705 2233 749 2244; x_wconf 91' lang='lat'>-</span> <span class='ocrx_word' id='word_1_143' title='bbox 773 2195 912 2262; x_wconf 75' lang='lat' dir='ltr'><strong>Cliniam</strong></span> <span class='ocrx_word' id='word_1_144' title='bbox 930 2219 1056 2281; x_wconf 87' lang='lat' dir='ltr'><strong>quoque</strong></span> <span class='ocrx_word' id='word_1_145' title='bbox 1076 2210 1173 2262; x_wconf 85' lang='lat' dir='ltr'><strong>avem</strong></span> 
     </span>
    </p>
   </div>
   <div class='ocr_carea' id='block_1_8' title="bbox 158 2285 1173 2459">
    <p class='ocr_par' dir='ltr' id='par_1_11' title="bbox 158 2285 1173 2459">
     <span class='ocr_line' id='line_1_22' title="bbox 158 2285 1173 2372; baseline 0.002 -22"><span class='ocrx_word' id='word_1_146' title='bbox 158 2286 198 2350; x_wconf 86' lang='lat' dir='ltr'><strong>ab</strong></span> <span class='ocrx_word' id='word_1_147' title='bbox 221 2285 363 2369; x_wconf 82' lang='lat' dir='ltr'><strong>antiquis</strong></span> <span class='ocrx_word' id='word_1_148' title='bbox 385 2285 585 2350; x_wconf 89' lang='lat' dir='ltr'><strong>nominatam</strong></span> <span class='ocrx_word' id='word_1_149' title='bbox 611 2285 832 2350; x_wconf 85' lang='lat' dir='ltr'><strong>animadverto</strong></span> <span class='ocrx_word' id='word_1_150' title='bbox 857 2287 1014 2372; x_wconf 69' lang='lat' dir='ltr'><strong>ignorari,</strong></span> <span class='ocrx_word' id='word_1_151' title='bbox 1037 2285 1173 2371; x_wconf 87' lang='lat' dir='ltr'><strong>quidam</strong></span> 
     </span>
     <span class='ocr_line' id='line_1_23' title="bbox 158 2373 936 2459; baseline 0.003 -20"><span class='ocrx_word' id='word_1_152' title='bbox 158 2375 380 2439; x_wconf 79' lang='lat' dir='ltr'><strong>clamatoriam</strong></span> <span class='ocrx_word' id='word_1_153' title='bbox 404 2374 524 2452; x_wconf 88' lang='lat' dir='ltr'><strong>dieunt,</strong></span> <span class='ocrx_word' id='word_1_154' title='bbox 548 2373 654 2438; x_wconf 83' lang='lat' dir='ltr'>Labeo</span> <span class='ocrx_word' id='word_1_155' title='bbox 677 2373 936 2459; x_wconf 88' lang='lat' dir='ltr'><strong>prohibitoriam.</strong></span> 
     </span>
    </p>
   </div>
   <div class='ocr_carea' id='block_1_9' title="bbox 541 2583 793 2652">
    <p class='ocr_par' dir='ltr' id='par_1_12' title="bbox 541 2583 793 2652">
     <span class='ocr_line' id='line_1_24' title="bbox 541 2583 793 2652; baseline 0.004 -9"><span class='ocrx_word' id='word_1_156' title='bbox 541 2583 648 2652; x_wconf 80' lang='lat' dir='ltr'><strong>Liber</strong></span> <span class='ocrx_word' id='word_1_157' title='bbox 671 2584 793 2644; x_wconf 85' lang='lat' dir='ltr'>XVIII?</span> 
     </span>
    </p>
   </div>
   <div class='ocr_carea' id='block_1_10' title="bbox 39 2703 1179 3053">
    <p class='ocr_par' dir='ltr' id='par_1_13' title="bbox 39 2703 1179 3053">
     <span class='ocr_line' id='line_1_25' title="bbox 39 2703 1175 2788; baseline 0 -20"><span class='ocrx_word' id='word_1_158' title='bbox 39 2745 42 2754; x_wconf 37' lang='lat' dir='ltr'><strong>a</strong></span> <span class='ocrx_word' id='word_1_159' title='bbox 245 2705 302 2769; x_wconf 84' lang='lat'>20..</span> <span class='ocrx_word' id='word_1_160' title='bbox 320 2703 460 2770; x_wconf 86' lang='lat' dir='ltr'><strong>Maerob.</strong></span> <span class='ocrx_word' id='word_1_161' title='bbox 480 2708 539 2768; x_wconf 90' lang='lat' dir='ltr'><strong>sat.</strong></span> <span class='ocrx_word' id='word_1_162' title='bbox 555 2704 585 2788; x_wconf 84' lang='lat'><strong>3,</strong></span> <span class='ocrx_word' id='word_1_163' title='bbox 596 2704 647 2781; x_wconf 88' lang='lat'><strong>10,</strong></span> <span class='ocrx_word' id='word_1_164' title='bbox 656 2703 686 2768; x_wconf 87' lang='grc'><strong>4.</strong></span> <span class='ocrx_word' id='word_1_165' title='bbox 706 2740 748 2750; x_wconf 90' lang='lat'><em>-</em></span> <span class='ocrx_word' id='word_1_166' title='bbox 767 2704 947 2768; x_wconf 88' lang='lat' dir='ltr'><strong>Labeo...</strong></span> <span class='ocrx_word' id='word_1_167' title='bbox 968 2703 1175 2787; x_wconf 82' lang='lat' dir='ltr'><strong>sexagesimo</strong></span> 
     </span>
     <span class='ocr_line' id='line_1_26' title="bbox 158 2790 1179 2878; baseline 0 -21"><span class='ocrx_word' id='word_1_168' title='bbox 158 2796 194 2866; x_wconf 88' lang='lat' dir='ltr'><strong>et</strong></span> <span class='ocrx_word' id='word_1_169' title='bbox 219 2798 333 2858; x_wconf 80' lang='lat' dir='ltr'><strong>octavo</strong></span> <span class='ocrx_word' id='word_1_170' title='bbox 360 2794 445 2858; x_wconf 89' lang='lat' dir='ltr'><strong>libro</strong></span> <span class='ocrx_word' id='word_1_171' title='bbox 471 2791 663 2878; x_wconf 68' lang='lat' dir='ltr'><strong>(‘vielleioht</strong></span> <span class='ocrx_word' id='word_1_172' title='bbox 688 2792 733 2855; x_wconf 89' lang='lat' dir='ltr'><strong>ist</strong></span> <span class='ocrx_word' id='word_1_173' title='bbox 753 2793 882 2856; x_wconf 74' lang='lat' dir='ltr'><strong>&#39;elnfaoh</strong></span> <span class='ocrx_word' id='word_1_174' title='bbox 904 2790 1031 2873; x_wconf 89' lang='lat' dir='ltr'><strong>L[ibro]</strong></span> <span class='ocrx_word' id='word_1_175' title='bbox 1056 2791 1179 2864; x_wconf 80' lang='lat' dir='ltr'>XVIII</span> 
     </span>
     <span class='ocr_line' id='line_1_27' title="bbox 158 2876 1178 2968; baseline 0.004 -24"><span class='ocrx_word' id='word_1_176' title='bbox 158 2905 197 2945; x_wconf 82' lang='lat' dir='ltr'><strong>nu</strong></span> <span class='ocrx_word' id='word_1_177' title='bbox 233 2880 337 2944; x_wconf 87' lang='lat' dir='ltr'><strong>lesen&#39;</strong></span> <span class='ocrx_word' id='word_1_178' title='bbox 372 2881 506 2944; x_wconf 88' lang='lat' dir='ltr'><strong>Pernioe</strong></span> <span class='ocrx_word' id='word_1_179' title='bbox 524 2961 526 2968; x_wconf 16' lang='grc' dir='ltr'><strong><em>γ</em></strong></span> <span class='ocrx_word' id='word_1_180' title='bbox 542 2903 572 2962; x_wconf 90' lang='lat' dir='ltr'><strong>p.</strong></span> <span class='ocrx_word' id='word_1_181' title='bbox 595 2880 638 2944; x_wconf 88' lang='lat'><strong>46</strong></span> <span class='ocrx_word' id='word_1_182' title='bbox 654 2876 716 2966; x_wconf 90' lang='lat' dir='ltr'><strong>sq.)</strong></span> <span class='ocrx_word' id='word_1_183' title='bbox 752 2881 875 2964; x_wconf 87' lang='lat' dir='ltr'><strong>intulit,</strong></span> <span class='ocrx_word' id='word_1_184' title='bbox 910 2882 975 2946; x_wconf 88' lang='lat' dir='ltr'><strong>nisi</strong></span> <span class='ocrx_word' id='word_1_185' title='bbox 1007 2879 1178 2966; x_wconf 88' lang='lat' dir='ltr'><strong>Neptuno,</strong></span> 
     </span>
     <span class='ocr_line' id='line_1_28' title="bbox 158 2969 929 3053; baseline 0.003 -20"><span class='ocrx_word' id='word_1_186' title='bbox 158 2969 303 3053; x_wconf 87' lang='lat' dir='ltr'><strong>Apollini</strong></span> <span class='ocrx_word' id='word_1_187' title='bbox 331 2974 363 3033; x_wconf 91' lang='lat' dir='ltr'><strong>et</strong></span> <span class='ocrx_word' id='word_1_188' title='bbox 386 2969 485 3033; x_wconf 89' lang='lat' dir='ltr'><strong>Marti</strong></span> <span class='ocrx_word' id='word_1_189' title='bbox 511 2972 640 3032; x_wconf 89' lang='lat' dir='ltr'><strong>taurum</strong></span> <span class='ocrx_word' id='word_1_190' title='bbox 667 2990 734 3033; x_wconf 93' lang='lat' dir='ltr'><strong>non</strong></span> <span class='ocrx_word' id='word_1_191' title='bbox 758 2969 929 3035; x_wconf 85' lang='lat' dir='ltr'><strong>immolari.</strong></span> 
     </span>
    </p>
   </div>
   <div class='ocr_carea' id='block_1_11' title="bbox 248 3097 1244 3173">
    <p class='ocr_par' dir='ltr' id='par_1_14' title="bbox 248 3097 1244 3173">
     <span class='ocr_line' id='line_1_29' title="bbox 248 3097 1244 3173; baseline 0.003 -17"><span class='ocrx_word' id='word_1_192' title='bbox 248 3098 372 3158; x_wconf 81' lang='lat' dir='ltr'><strong>Parmae</strong></span> <span class='ocrx_word' id='word_1_193' title='bbox 405 3117 464 3157; x_wconf 93' lang='lat' dir='ltr'><strong>non</strong></span> <span class='ocrx_word' id='word_1_194' title='bbox 495 3097 676 3173; x_wconf 87' lang='lat' dir='ltr'><strong>Antistium,</strong></span> <span class='ocrx_word' id='word_1_195' title='bbox 713 3098 765 3156; x_wconf 81' lang='lat' dir='ltr'><strong>sed</strong></span> <span class='ocrx_word' id='word_1_196' title='bbox 797 3097 968 3158; x_wconf 81' lang='lat' dir='ltr'><strong>Cornelium</strong></span> <span class='ocrx_word' id='word_1_197' title='bbox 990 3098 1181 3160; x_wconf 85' lang='lat' dir='ltr'><strong>&#39;Labeonem</strong></span> <span class='ocrx_word' id='word_1_198' title='bbox 1243 3159 1244 3166; x_wconf 67' lang='grc'>,</span> 
     </span>
    </p>
   </div>
   <div class='ocr_carea' id='block_1_12' title="bbox 28 3167 1244 3452">
    <p class='ocr_par' dir='ltr' id='par_1_15' title="bbox 28 3167 1244 3452">
     <span class='ocr_line' id='line_1_30' title="bbox 159 3167 1244 3265; baseline 0.003 -19"><span class='ocrx_word' id='word_1_199' title='bbox 159 3188 277 3247; x_wconf 87' lang='lat' dir='ltr'><strong>laudari</strong></span> <span class='ocrx_word' id='word_1_200' title='bbox 307 3189 362 3264; x_wconf 89' lang='lat' dir='ltr'><strong>put</strong></span> <span class='ocrx_word' id='word_1_201' title='bbox 381 3189 403 3246; x_wconf 91' lang='lat' dir='ltr'><strong>t.</strong></span> <span class='ocrx_word' id='word_1_202' title='bbox 458 3189 491 3245; x_wconf 91' lang='lat' dir='ltr'><strong>at</strong></span> <span class='ocrx_word' id='word_1_203' title='bbox 524 3206 591 3246; x_wconf 88' lang='lat' dir='ltr'><strong>oum</strong></span> <span class='ocrx_word' id='word_1_204' title='bbox 624 3177 713 3246; x_wconf 85' lang='lat' dir='ltr'><strong>antea</strong></span> <span class='ocrx_word' id='word_1_205' title='bbox 743 3186 849 3247; x_wconf 83' lang='lat' dir='ltr'><strong>Ateius</strong></span> <span class='ocrx_word' id='word_1_206' title='bbox 882 3187 988 3264; x_wconf 83' lang='lat' dir='ltr'><strong>Capito</strong></span> <span class='ocrx_word' id='word_1_207' title='bbox 1021 3188 1181 3265; x_wconf 79' lang='lat' dir='ltr'><strong>laudetur,</strong></span> <span class='ocrx_word' id='word_1_208' title='bbox 1242 3167 1244 3202; x_wconf 59' lang='lat'>³</span> 
     </span>
     <span class='ocr_line' id='line_1_31' title="bbox 28 3271 1181 3353; baseline 0.003 -19"><span class='ocrx_word' id='word_1_209' title='bbox 28 3293 30 3298; x_wconf 92' lang='grc'><strong><em>·</em></strong></span> <span class='ocrx_word' id='word_1_210' title='bbox 161 3271 284 3336; x_wconf 77' lang='lat' dir='ltr'><strong>‘Labeo&#39;</strong></span> <span class='ocrx_word' id='word_1_211' title='bbox 298 3277 350 3335; x_wconf 88' lang='lat' dir='ltr'><strong>ille</strong></span> <span class='ocrx_word' id='word_1_212' title='bbox 364 3276 465 3351; x_wconf 85' lang='lat' dir='ltr'><strong>potius</strong></span> <span class='ocrx_word' id='word_1_213' title='bbox 479 3271 630 3336; x_wconf 86' lang='lat' dir='ltr'><strong>Antistius</strong></span> <span class='ocrx_word' id='word_1_214' title='bbox 644 3276 798 3336; x_wconf 79' lang='lat' dir='ltr'><strong>habendus</strong></span> <span class='ocrx_word' id='word_1_215' title='bbox 813 3280 866 3336; x_wconf 91' lang='lat' dir='ltr'><strong>est.</strong></span> <span class='ocrx_word' id='word_1_216' title='bbox 895 3277 974 3336; x_wconf 88' lang='lat' dir='ltr'><strong>Kahl</strong></span> <span class='ocrx_word' id='word_1_217' title='bbox 987 3276 1007 3335; x_wconf 94' lang='lat' dir='ltr'><strong>l.</strong></span> <span class='ocrx_word' id='word_1_218' title='bbox 1018 3295 1041 3336; x_wconf 89' lang='lat' dir='ltr'><strong>e.</strong></span> <span class='ocrx_word' id='word_1_219' title='bbox 1056 3297 1086 3353; x_wconf 93' lang='lat' dir='ltr'><strong>p.</strong></span> <span class='ocrx_word' id='word_1_220' title='bbox 1099 3281 1120 3338; x_wconf 84' lang='grc'><strong>7</strong></span> <span class='ocrx_word' id='word_1_221' title='bbox 1125 3281 1181 3339; x_wconf 85' lang='grc'><strong>28.</strong></span> 
     </span>
     <span class='ocr_line' id='line_1_32' title="bbox 160 3361 594 3452; baseline 0.009 -32"><span class='ocrx_word' id='word_1_222' title='bbox 160 3364 246 3424; x_wconf 88' lang='lat' dir='ltr'><strong>Joars</strong></span> <span class='ocrx_word' id='word_1_223' title='bbox 269 3365 288 3423; x_wconf 94' lang='grc'><strong>1.</strong></span> <span class='ocrx_word' id='word_1_224' title='bbox 308 3384 330 3452; x_wconf 81' lang='lat' dir='ltr'><strong>o.</strong></span> <span class='ocrx_word' id='word_1_225' title='bbox 354 3385 382 3440; x_wconf 94' lang='lat' dir='ltr'><strong>p.</strong></span> <span class='ocrx_word' id='word_1_226' title='bbox 399 3366 493 3425; x_wconf 82' lang='lat'>2550.</span> <span class='ocrx_word' id='word_1_227' title='bbox 592 3361 594 3366; x_wconf 73' lang='grc'><strong>’</strong></span> 
     </span>
    </p>
   </div>
   <div class='ocr_carea' id='block_1_13' title="bbox 253 3541 1184 3614">
    <p class='ocr_par' dir='ltr' id='par_1_16' title="bbox 253 3535 1244 3626">
     <span class='ocr_line' id='line_1_33' title="bbox 253 3541 1184 3614; baseline 0.009 -20"><span class='ocrx_word' id='word_1_228' title='bbox 253 3547 266 3594; x_wconf 89' lang='grc'><strong>1</strong></span> <span class='ocrx_word' id='word_1_229' title='bbox 285 3541 412 3599; x_wconf 78' lang='lat' dir='ltr'><strong>Huschke</strong></span> <span class='ocrx_word' id='word_1_230' title='bbox 424 3544 550 3614; x_wconf 79' lang='lat' dir='ltr'><strong>scripsit:</strong></span> <span class='ocrx_word' id='word_1_231' title='bbox 568 3559 630 3612; x_wconf 83' lang='lat' dir='ltr'><strong>vox,</strong></span> <span class='ocrx_word' id='word_1_232' title='bbox 649 3543 695 3599; x_wconf 87' lang='lat' dir='ltr'><strong>vel</strong></span> <span class='ocrx_word' id='word_1_233' title='bbox 712 3545 744 3598; x_wconf 89' lang='lat' dir='ltr'><strong>ut</strong></span> <span class='ocrx_word' id='word_1_234' title='bbox 760 3542 883 3614; x_wconf 85' lang='lat' dir='ltr'><strong>quidam,</strong></span> <span class='ocrx_word' id='word_1_235' title='bbox 897 3544 987 3613; x_wconf 86' lang='lat' dir='ltr'><strong>proba</strong></span> <span class='ocrx_word' id='word_1_236' title='bbox 1005 3544 1184 3614; x_wconf 81' lang='lat' dir='ltr'><strong>significare.</strong></span> 
     </span>
    </p>
   </div>
   <div class='ocr_carea' id='block_1_14' title="bbox 0 0 1268 3880">
    <p class='ocr_par' dir='ltr' id='par_1_17' title="bbox 0 0 1268 3880">
     <span class='ocr_line' id='line_1_34' title="bbox 0 0 1268 3880; baseline 0 0"><span class='ocrx_word' id='word_1_237' title='bbox 0 0 1268 3880; x_wconf 95' lang='lat' dir='ltr'><strong> </strong></span> 
     </span>
    </p>
   </div>
  </div>
 </body>
</html>
