2508 3896
160 167 225 231 576
262 167 296 220 11.
323 165 390 222 TIB.
415 165 491 222 GAII
514 165 643 224 CLAUD.
668 167 806 223 NERON.
824 165 931 221 Tune.
951 166 1049 222 IURlS
1069 167 1170 224 CONS.
1195 165 1199 171 '

538 326 639 382 Loculi
655 327 791 383 condactt

248 435 300 500 33.
338 434 377 499 D.
402 435 453 520 19,
477 437 506 516 2,
531 435 582 516 19,
608 439 635 501 l.
687 435 847 520 Ulpianus
885 436 969 502 libro
1001 437 1171 521 trigesimo

162 525 302 588 seeundo
322 525 363 588 ad
382 525 521 589 edictum
539 522 589 611 (P.
599 521 689 610 951).
711 562 748 572 —
830 527 857 591 si
878 526 996 590 saltum
1015 547 1172 610 pascuum

160 612 289 695 locasti,
316 613 351 676 in
379 635 441 698 quo
469 612 569 677 herba
597 614 684 678 mala
711 615 903 702 nascebatur
1002 615 1031 678 si
1055 637 1172 698 pecora

161 702 210 767 vel
245 701 413 766 demortua
446 705 521 767 sunt
553 702 736 767 ueletiam
764 704 925 768 deteriora
952 705 1054 786 fecta,
1088 705 1172 788 quod

160 791 296 854 interest
319 791 546 874 praestabitur,
571 791 599 855 si
623 791 777 877 scisti3'si
797 791 964 876 ignorasti,
983 793 1172 877 pensionem

149 891 228 945 'non
252 885 357 964 petes,
380 880 482 943 etita
505 877 615 944 Servio
639 879 783 945 Labeoni
807 878 927 947 Sabino
951 881 1086 965 placuit.

111 1035 114 1046 ,
149 985 151 989 ·
250 969 302 1032 34.
329 967 370 1032 D.
382 969 433 1052 19,
444 969 473 1050 2,
482 967 535 1033 59.
574 966 748 1034 Iavolenus
772 970 857 1035 libro
876 971 990 1054 quinto
1010 969 1171 1035 Labeonis

160 1059 385 1142 posteriorum.
411 1093 449 1102 —
474 1057 614 1122 Marcius
642 1059 776 1122 domum
800 1058 981 1124 faciendam
1011 1080 1030 1123 a
1056 1057 1171 1125 Flacco

160 1147 370 1230 conduxerat3
403 1145 516 1209 deinde
549 1146 656 1230 operis
684 1151 777 1231 parte
805 1148 919 1213 effecta
946 1153 1053 1212 terrae
1083 1153 1172 1213 motu
1245 1209 1246 1216 ,

148 1257 350 1301 'concussum
376 1237 447 1298 erat
470 1234 661 1300 aedificium.
706 1235 887 1301 Massurius
910 1235 1062 1318 Sabinus,
1090 1237 1118 1300 si
1139 1237 1171 1302 vi
1245 1243 1246 1248 ’

161 1323 311 1426 naturali,
334 1322 435 1388 veluti
457 1327 563 1387 terrae
587 1329 677 1389 motu
700 1325 762 1388 hoo
786 1325 946 1409 acciderit,
969 1324 1084 1390 Flacci
1103 1347 1170 1390 esse

160 1414 378 1566 p-emlldm'n.
404 1501 454 1583 19,
478 1502 508 1582 2,
534 1501 583 1584 13,
607 1501 637 1565 e.
688 1501 847 1585 Ulpianus
884 1502 969 1567 uara
1001 1502 1170 1588 trigesimo

161 1591 301 1655 seeundo
334 1588 374 1654 ad
407 1591 546 1654 edictum
575 1585 623 1676 (P.
644 1587 734 1677 948).
764 1627 802 1636 —
833 1588 869 1656 Si
902 1591 974 1675 quis
1002 1613 1171 1657 mensuras

161 1678 350 1744 conduxerit
364 1700 482 1763 easque
497 1681 708 1764 magistratus
722 1679 830 1764 frangi
845 1681 983 1762 iusserit,
997 1681 1025 1744 si
1041 1680 1169 1766 quidem

160 1768 290 1852 iniquae
318 1767 463 1850 fuerunt,
492 1767 629 1832 Sabinus
659 1768 844 1852 distinguit,
872 1773 978 1832 utrum
1008 1769 1072 1834 scit
1099 1791 1171 1834 con·

162 1855 275 1921 ductor
303 1879 343 1920 an
372 1879 450 1922 non:
484 1858 511 1920 si
539 1857 612 1940 scit,
640 1878 710 1922 esse
739 1878 777 1920 ex
804 1858 911 1922 locato
940 1859 1117 1938 actionem,
1144 1858 1171 1923 si
1245 1899 1246 1902 =

161 1945 281 2028 minus,
309 1968 384 2010 non.
431 1944 516 2030 quod
544 1947 572 2010 si
601 1967 721 2029 aequae
750 1950 838 2029 sunt,
867 1946 914 2010 ita
942 1946 1073 2012 demum
1100 1968 1170 2012 eum

161 2033 273 2116 teneri,
298 2035 326 2098 si
349 2034 445 2118 culpa
468 2035 537 2098 eius
560 2033 593 2098 id
618 2033 696 2099 feeit
719 2034 841 2099 aedilis.
882 2038 915 2099 et
937 2034 984 2099 ita
1004 2035 1116 2102 Labeo
1140 2041 1172 2100 et
1245 2065 1246 2072 ¹

159 2119 247 2185 Mela
271 2123 425 2187 scribunt.

520 2225 631 2281 Petatur
649 2227 690 2282 oet
706 2233 810 2282 eontra.

249 2336 301 2400 36.
325 2335 364 2398 D.
380 2335 432 2416 27,
447 2334 477 2417 4,
494 2337 522 2416 1,
537 2335 566 2398 2.
603 2333 763 2418 Ulpianus
787 2337 871 2401 libro
891 2336 1061 2422 trigesimo
1081 2341 1172 2402 sexto

163 2425 202 2488 ad
231 2423 370 2489 edictum
398 2421 447 2510 (P.
469 2419 593 2510 10342).
617 2429 669 2470 -’
683 2429 691 2488 ’.
707 2474 736 2488 ..
761 2425 792 2488 si
820 2429 950 2490 curator
973 2425 1091 2491 situel
1116 2448 1172 2511 pu·

150 2513 234 2597 pilli
266 2512 319 2578 vel
348 2513 562 2577 adulescentis
591 2515 641 2576 vel
674 2513 788 2578 furiosi
819 2514 871 2577 vel
898 2513 1039 2599 prodigi,
1064 2515 1173 2580 dieen-

1243 2079 1246 2164 l

1119 2197 1124 2219 '
1244 2191 1246 2280 l

152 2603 237 2666 'dum
261 2605 311 2667 est
334 2603 434 2666 etiarn
456 2601 507 2666 his
532 2601 730 2666 contrarium
755 2602 895 2667 dandum
913 2601 970 2686 (sc.
990 2599 1171 2688 iudicium).
1245 2599 1246 2660 l

151 2690 247 2755 'idem
265 2692 298 2755 in
318 2696 465 2756 curatore
486 2711 611 2774 quoque
631 2691 752 2756 ventris
771 2691 974 2774 probandum
993 2695 1050 2756 cst.
1089 2713 1172 2776 quae
1245 2769 1246 2772 Ἴ

163 2781 325 2845 sententia
345 2777 458 2844 Sabini
480 2779 542 2844 fuit
565 2777 780 2844 existimantis
800 2781 916 2845 ceteris
936 2799 1063 2864 quoque
1082 2803 1172 2846 eura-

161 2870 287 2934 toribus
311 2891 349 2933 ex
373 2868 475 2933 isdem
499 2867 604 2932 causis
628 2867 768 2932 dandum
792 2868 988 2934 contrarium
1006 2869 1172 2934 iudicium.
1245 2925 1246 2936 t

588 3058 633 3114 De
649 3059 742 3126 fartis.

249 3171 300 3235 er.
325 3168 507 3254 asnar.
548 3168 675 3236 Paulus*
692 3171 776 3235 uam
798 3171 936 3256 septimo
956 3143 995 3236 aa
1015 3169 1167 3236 sarnum
1245 3129 1246 3180 ³

162 3258 212 3343 (P.
230 3259 337 3343 1773).
357 3259 540 3323 —Rerum
563 3264 745 3324 amotarum
768 3259 921 3325 iudicium
941 3255 1105 3344 singulare
1123 3259 1169 3322 in-

160 3346 345 3411 troductum
369 3353 420 3412 est
443 3348 595 3412 adversus
621 3369 692 3412 eam
716 3370 797 3433 quae
815 3370 897 3414 uxor
915 3348 987 3431 fuit,
1010 3349 1169 3434 quianon

160 3432 285 3512 placuit
313 3455 385 3498 cum
414 3458 451 3499 ca
478 3435 559 3499 furti
587 3455 682 3520 agere
707 3459 815 3521 posse,
844 3437 1037 3522 quibusdam
1060 3435 1168 3502 existi·

160 3520 324 3584 mantibus
347 3543 387 3586 ne
411 3523 539 3606 quidem
561 3523 685 3588 furtum
709 3547 779 3590 eam
802 3525 921 3610 facere,
1024 3527 1107 3604 aliis,
1129 3526 1169 3587 ut
