2580 3888
163 161 229 232 360
264 160 300 216 11.
327 159 394 214 ms.
419 158 496 215 ssu
518 157 646 214 carun.
665 159 800 216 nasos.
819 159 926 216 runs.
949 159 1046 214 rurus
1070 159 1174 216 coss,

163 323 249 388 disse
272 323 343 409 lage
369 323 497 407 Aquilia
527 343 690 388 servorum
719 324 849 388 nomine
873 323 1037 387 dominum
1064 324 1177 388 noxali
1259 359 1260 368 κ

163 412 281 477 iudicio
297 411 562 496 conveniendum
579 434 617 476 ex
636 413 743 477 locato
760 416 867 476 autem
885 412 1052 476 dominum
1070 413 1177 477 teneri

162 504 271 586 negat.
422 567 425 576 ,

253 590 304 654 29.
342 588 382 653 D.
404 590 454 669 14,
478 590 508 670 2,
531 590 609 672 4pr.
668 587 877 654 Callistratus
915 589 998 654 libro
1016 651 1020 659 ,
1036 590 1177 659 secundo

165 678 398 755 Quaestionum
415 674 464 763 (P.
479 675 546 764 98).
560 713 603 724 —
618 677 721 743 Navis
740 684 875 743 onustae
894 678 1049 743 levandae
1069 699 1176 763 causa,

166 769 240 853 quia
272 767 393 832 intrare
426 766 544 830 flumen
577 768 627 831 rel
658 773 789 851 portum
822 789 887 831 non
919 771 1069 850 potuerat
1101 789 1174 832 cum

165 878 277 939 onere,
306 856 334 920 si
363 856 521 939 quaedam
543 877 665 920 merces
689 856 722 920 in
746 856 899 940 scapham
922 856 1076 920 traiectae
1100 861 1176 920 sunt

167 948 224 1009 aut
245 950 335 1010 extra
353 944 481 1026 flumen,
504 941 562 1007 ne1
584 944 784 1026 periclitetur
802 948 859 1010 aut
877 945 911 1008 in
929 945 1001 1029 ipso
1021 945 1105 1010 ostio
1124 947 1176 1009 vel

164 1039 271 1118 portu,
295 1055 394 1119 eaque
418 1033 539 1116 scapha
562 1055 740 1099 summersa
764 1037 822 1116 est,
845 1033 928 1097 ratio
948 1034 1060 1098 haberi
1079 1034 1177 1099 debet

165 1124 251 1188 inter
275 1145 339 1206 eos,
363 1121 474 1206 quiin
497 1143 578 1185 nare
602 1143 723 1187 merces
748 1122 854 1187 salvas
878 1123 1008 1205 habent,
1032 1122 1176 1186 cumbis

166 1213 221 1295 qui
241 1212 274 1276 in
294 1211 414 1295 scapha
432 1210 646 1294 perdiderunt,
667 1211 800 1294 proinde
821 1215 986 1295 tamquam
1005 1211 1033 1276 si
1051 1212 1177 1276 iactura

166 1301 255 1366 facta
283 1303 382 1383 esset,
409 1299 505 1383 idque
529 1297 668 1364 Sabinus
692 1321 818 1384 quoque
842 1300 926 1364 libro
951 1301 1088 1364 secundo
1112 1299 1177 1364 Re-

166 1411 356 1474 sponsorum
380 1387 506 1471 probat.

255 1478 305 1544 30.
338 1475 378 1541 D.
401 1477 477 1541 ibid.
501 1479 569 1557 51.
596 1515 641 1524 -
669 1526 704 1541 ..
733 1477 759 1541 si
788 1478 894 1560 navis,
927 1499 1008 1562 quae
1036 1479 1069 1541 in
1096 1480 1177 1540 tenr-

167 1571 294 1651 pestate
316 1566 403 1634 iactu
426 1566 578 1631 mercium
603 1568 697 1631 unius
722 1568 910 1654 mercatoris
933 1567 1040 1630 levata
1061 1570 1118 1650 est,
1142 1566 1178 1630 in

167 1657 231 1721 alio
269 1656 341 1720 loco
380 1677 558 1719 summersa
595 1664 645 1720 est
681 1659 714 1718 et
746 1655 929 1739 aliquorum
962 1658 1177 1719 mercatorum

165 1766 287 1809 merces
321 1766 378 1828 per
409 1746 592 1808 urinatores
626 1747 788 1808 extractae
817 1747 893 1808 sunt
920 1743 996 1808 data
1023 1743 1179 1827 mercede,

166 1834 325 1898 rationem
350 1833 463 1898 haberi
487 1833 602 1897 debere
626 1834 703 1916 eius,
729 1834 818 1897 cuius
843 1854 963 1896 meroes
987 1833 1020 1895 in
1043 1833 1178 1916 naviga-

167 1925 254 1988 tione
282 1922 436 1986 levandae
464 1923 555 1986 navis
585 1943 681 1986 causa
708 1921 813 1986 iactae
841 1927 930 2003 sunt,
958 1921 999 1985 ab
1028 1921 1093 2004 his,
1122 1922 1178 2005 qui

166 2016 281 2094 postea
305 2033 363 2075 sua
386 2032 443 2093 per
466 2010 647 2074 urinatores
671 2014 889 2094 servaverunt,
915 2008 1053 2074 Sabinus
1077 2031 1178 2094 aeque

166 2099 342 2183 respondit.
393 2119 503 2162 eorum
535 2118 625 2176 vero,
658 2099 712 2182 qui
744 2100 792 2163 ita
822 2098 932 2182 <n0n>
960 2103 1180 2183 servaverunt,

166 2188 305 2252 invicem
338 2187 495 2262 rationem
526 2186 638 2250 haberi
665 2209 731 2252 non
760 2187 874 2252 debere
903 2188 944 2252 ab
974 2209 1024 2269 eo,
1057 2188 1113 2270 qui
1139 2188 1176 2251 in

168 2276 376 2359 navigatione
400 2275 522 2339 iactum
544 2274 629 2359 fecit,
654 2277 682 2339 si
706 2276 862 2360 quaedam
886 2297 925 2342 ex
943 2276 995 2340 his
1014 2276 1177 2341 mercibus

167 2387 226 2450 per
245 2365 426 2429 urinatores
446 2359 610 2428 extractae
622 2368 706 2429 sunt.
735 2364 859 2450 [eorum
874 2366 959 2430 enim
974 2387 1096 2430 merces
1109 2387 1177 2429 non

168 2456 306 2541 possunt
324 2452 426 2518 videri
446 2453 620 2519 servandae
639 2454 733 2519 navis
753 2476 850 2519 eausa
869 2456 972 2520 iactae
992 2476 1072 2539 esse,
1096 2475 1180 2539 quae

166 2543 274 2628 perit]

256 2675 301 2734 De
330 2675 518 2734 urinatorum
547 2674 674 2752 collegio
706 2695 733 2735 v.
762 2673 856 2735 Orelli
884 2675 970 2733 4115
986 2673 1107 2733 =01n
1134 2671 1182 2731 VI

79 2845 80 2848 Ἴ
169 2765 264 2824 1872.
301 2765 337 2823 cf,
351 2763 423 2822 XIV
447 2767 519 2824 303.

258 2885 310 2948 31.
344 2884 381 2949 D.
397 2884 446 2962 19,
465 2888 492 2967 1,
506 2883 536 2968 6,
549 2884 580 2947 4.
621 2881 817 2964 Pomponius
840 2881 925 2945 libro
948 2902 1034 2945 nono
1058 2880 1098 2944 ad
1123 2879 1181 2945 Sa-

167 2972 280 3037 binum
312 2969 361 3058 (P.
384 2968 473 3057 555).
508 3007 546 3018 -
581 3020 589 3036 .
615 3020 622 3036 .
650 2971 678 3034 si
710 2993 766 3034 vas
799 2971 878 3034 mihi
911 2969 1090 3034 vendideris
1121 2969 1182 3052 ita,

167 3065 205 3126 ut
227 3059 412 3125 adfirmares
435 3061 611 3144 integrum,
635 3059 662 3122 si
685 3058 718 3122 id
738 3058 901 3143 integrum
922 3059 1057 3142 nonsit,
1080 3058 1180 3122 etiam

167 3150 213 3231 id,
245 3149 330 3232 quod
359 3170 396 3213 eo
424 3149 553 3213 nomine
580 3147 786 3232 perdiderim,
813 3148 993 3231 praestabis
1021 3147 1115 3230 mihi3
1148 3148 1180 3211 si

167 3259 245 3302 vero
273 3259 338 3302 non
361 3237 394 3302 id
419 3241 526 3302 aetum
550 3236 607 3320 sit,
635 3242 672 3301 ut
695 3237 858 3321 integrum
881 3240 1038 3320 praestes,
1067 3235 1180 3299 dolum

168 3326 289 3390 malum
320 3325 487 3390 dumtaxat
514 3330 680 3410 praestare
703 3331 736 3390 te
760 3326 883 3390 debere.
929 3325 1039 3391 Labeo
1063 3329 1182 3389 contra

242 3542 256 3588 1
277 3535 324 3590 Fr.
343 3535 479 3591 traiectae
499 3539 616 3592 suntne
636 3539 686 3592 aut
705 3539 784 3592 extra
801 3535 904 3590 flumen
922 3533 1104 3606 periclitetur.
