2512 3888
392 179 417 228 2.
441 170 623 228 MASURIUS
642 172 794 229 SABINUS
1031 171 1097 236 441

94 339 164 399 dare
189 339 362 399 damnatum
386 358 449 400 esse
472 340 561 399 dicat.
607 333 655 399 ‘de
678 357 712 398 eo
735 342 837 400 tamen
857 343 977 400 tantum
999 343 1101 417 potest

93 428 179 488 heres
203 429 347 488 eomodo
371 428 501 504 liberari,
525 428 605 506 quod
627 427 757 505 pondere
780 447 902 489 numero
921 431 1045 507 constet,
1069 433 1100 489 et

92 516 138 576 ita
165 517 190 575 si
218 518 333 576 certum
361 517 409 576 sit.
455 517 576 592 quidam
599 519 630 576 et
653 517 689 576 de
713 535 748 576 eo
772 514 852 594 duod
873 535 1012 576 mensura
1035 537 1101 578 con-

93 607 155 664 stat
178 605 255 664 idem
281 599 472 664 existimant'.
510 604 575 664 Gai.
591 606 703 678 3‚175.
742 603 768 664 si
789 605 883 682 legati
904 624 957 680 per
979 606 1099 666 damna·

93 693 207 753 tionem
234 693 333 753 relicti
359 693 478 754 nomine
507 694 621 772 agitur,
652 695 794 754 adversus
817 693 994 752 infitiantem
1017 695 1102 772 dupli

93 783 171 841 actio
195 781 396 843 constituitur.
434 781 499 842 Gai.
514 784 543 860 4,
560 785 631 842 171.

182 863 202 930 ‘.
217 917 223 930 .
239 918 245 931 .
264 873 387 930 auctore
400 871 517 930 Nerone
532 869 657 931 Caesare
676 870 969 930 senatusconsultum
987 871 1101 932 factum

94 962 140 1017 est
167 978 226 1036 quo
250 962 373 1019 cautum
396 963 454 1035 est,
481 962 517 1019 ut
540 960 566 1018 si
588 978 654 1018 eam
677 979 741 1018 rem
763 959 890 1037 quisque
913 950 983 1038 (per
1005 959 1100 1019 vindi-

93 1042 254 1126 cationem)
286 1049 432 1126 legaverit
460 1066 536 1125 quae
562 1049 626 1108 eius
652 1066 818 1125 numquam
844 1047 951 1124 fuerit,
977 1047 1101 1122 proinde

92 1136 168 1194 utile
196 1137 236 1196 sit
263 1138 414 1215 legatum,
439 1139 529 1215 atque
558 1136 584 1196 si
611 1138 724 1213 optimo
752 1137 818 1195 iure
846 1137 984 1196 relictum
1010 1139 1102 1214 esset3

93 1224 239 1301 optimum
258 1227 360 1284 autem
378 1226 425 1284 ius
439 1229 485 1284 est
498 1245 551 1300 per
565 1225 785 1286 damnationem
798 1225 901 1302 legati,
920 1244 978 1303 quo
993 1243 1101 1303 genere

94 1313 185 1372 etiam
209 1313 308 1372 aliena
329 1332 377 1372 res
396 1308 492 1391 legari
514 1309 635 1390 potest'.
681 1313 745 1374 Gai.
765 1317 795 1391 2,
811 1317 882 1375 197.

179 1433 211 1496 4.
233 1429 273 1495 Ι).
292 1429 468 1515 30‚104‚2
495 1430 584 1496 Idem
612 1428 788 1519 (Iulianus)
816 1433 899 1498 libro
927 1433 1032 1518 primo
1061 1433 1100 1498 ad

92 1518 243 1584 Urseium
256 1519 408 1585 Ferocem
423 1516 472 1606 (P.
483 1516 571 1606 388).
589 1557 626 1566 -
643 1520 753 1585 Etiam
768 1543 836 1586 rem
850 1521 992 1587 hostiurn
1006 1543 1102 1605 posse

91 1607 192 1692 legari
216 1606 354 1672 Sabinus
378 1607 433 1688 ait,
456 1609 483 1673 si
506 1609 614 1692 aliquo
638 1631 714 1674 casu
738 1609 802 1673 emi
824 1610 938 1694 possit.

180 1694 211 1761 5.
233 1694 384 1779 D.45,2,
400 1697 450 1761 17.
486 1695 606 1762 Paulus
629 1697 712 1761 libro
737 1702 851 1763 octavo
875 1699 915 1762 ad
939 1697 1101 1763 Plautium

93 1782 141 1872 (P.
158 1782 268 1870 1158).
287 1821 329 1831 —
349 1784 423 1850 Sive
438 1807 457 1850 a
471 1785 567 1849 certis
581 1785 727 1869 personis
741 1785 894 1851 heredum
908 1787 1101 1852 nominatim

91 1876 237 1959 legatum
252 1878 346 1952 esset,
361 1873 428 1938 sive
440 1874 481 1938 ab
492 1875 640 1939 omnibus
653 1877 786 1959 excepto
797 1874 914 1961 aliquo,
927 1873 1103 1940 Atilicinus

92 1960 231 2027 Sabinus
250 2009 302 2027 ...
321 1985 381 2048 pro
400 1962 600 2028 hereditariis
619 1962 768 2048 partibus
781 1961 928 2028 tautum1
946 1985 1000 2029 eos
1015 1965 1100 2049 lega-

92 2053 163 2115 tum
187 2049 352 2116 debiturus
376 2052 475 2135 aiunt,
497 2052 574 2136 quia
595 2051 758 2117 hereditas
782 2073 836 2117 eos
861 2051 993 2138 obligat.

181 2140 210 2204 6.
238 2137 277 2204 D.
300 2139 445 2225 tumr,
466 2142 494 2206 1.
532 2139 650 2206 Paulus
673 2140 756 2206 libro
779 2141 875 2205 tertio
899 2141 1099 2227 Regularum

92 2223 143 2314 (P.
163 2224 272 2314 1430).
303 2264 347 2276 -
380 2229 509 2294 ‘Lucius
540 2229 646 2295 Titius
678 2233 712 2293 et
739 2229 838 2295 Gaius
867 2228 957 2294 Seius
984 2229 1101 2312 Publio

90 2315 220 2382 Maeuio
244 2318 353 2383 decern
377 2318 452 2382 dare
473 2319 607 2383 damnas
626 2318 748 2384 sunto':
772 2317 873 2384 Gaius
894 2317 986 2384 Seius
1005 2319 1102 2384 heres

91 2425 159 2469 non
181 2405 315 2471 exstitit.
358 2403 496 2471 Sabinus
521 2407 567 2470 ait
584 2406 705 2471 Titium
728 2409 832 2471 solum
852 2407 995 2492 legatum
1015 2407 1101 2472 debi-

93 2496 216 2577 turum3
243 2515 318 2557 nam
343 2491 452 2558 Seium
480 2516 538 2577 pro
566 2515 633 2558 non
661 2494 782 2576 scripto
810 2494 993 2560 habendum
1022 2517 1102 2559 esse.

181 2582 211 2646 7.
238 2579 277 2646 D.
292 2582 343 2664 36,
358 2582 388 2664 3,
404 2582 455 2646 10.
492 2581 687 2664 Pomponius
711 2582 795 2646 libro
813 2584 988 2648 vicensimo
1009 2587 1100 2648 sexto

91 2670 133 2736 ad
156 2668 311 2736 Sabinum
335 2668 383 2756 (P.
404 2667 492 2756 721).
511 2705 553 2717 -
574 2667 608 2734 Si
630 2691 651 2734 a
672 2673 705 2734 te
722 2668 838 2734 herede
856 2670 1001 2753 legatum
1020 2671 1101 2735 mihi

93 2761 139 2825 sit
156 2759 216 2824 sub
235 2759 421 2825 condicione
435 2763 544 2844 tuque,
561 2762 733 2843 postquam
749 2757 865 2823 adieris
879 2758 1103 2843 hereditatem,

91 2847 300 2914 satisdederis
335 2848 518 2932 legatorum
553 2852 586 2912 et
621 2851 697 2933 post
734 2851 871 2912 mortem
903 2851 993 2912 tuam
1027 2851 1102 2911 ante

91 2936 214 3002 aditam
254 2939 345 3002 tuam
385 2936 597 3001 hereditatem
633 2937 777 3002 condicio
813 2935 913 3021 legati
949 2935 1101 3020 extiterit,

91 3024 231 3092 Sabinus
265 3026 311 3090 ait
341 3021 525 3108 sponsores*
555 3025 636 3090 mihi
663 3025 778 3107 teneri,
811 3026 887 3110 quia
915 3024 1101 3090 omnimodo

91 3114 161 3180 dari
194 3113 399 3199 operte<re>t
430 3115 573 3199 legatum
605 3117 639 3178 et
669 3113 703 3178 in
734 3135 803 3178 rem
835 3118 920 3179 esset
947 3117 1103 3198 concepta

91 3203 135 3268 sti
158 3202 271 3269 ulatio.

135 3226 157 3289 p
181 3291 224 3358 8?
248 3289 363 3376 Gaia,
380 3291 452 3358 198.
473 3325 518 3337 -
541 3338 570 3356 ..
590 3291 618 3355 si
641 3290 712 3375 quis
735 3312 804 3355 rem
826 3312 917 3356 suam
936 3291 1103 3378 legaverit,

164 3472 178 3520 1
200 3463 248 3520 rt.
265 3465 365 3521 toturn.

164 3541 180 3590 2
203 3536 277 3591 Trib.
295 3536 478 3592 fideiussores.
