2568 3890
158 167 223 231 238
260 167 281 221 Ι.
306 165 460 220 ΑΕΤΑΤ18
479 164 636 221 AUGUSTI
654 160 701 220 ET
720 165 856 220 TIBERII
874 165 970 220 IURIS
989 165 1168 222 CONSULTI

158 330 242 395 nihil
265 330 315 392 int
301 331 402 392 terest
424 328 511 392 inter
533 350 708 412 purpuram
732 332 764 392 et
787 351 857 394 eam
882 330 1005 414 lanam,
1028 350 1111 414 quae
1135 330 1168 394 in

155 422 262 484 lutum
285 423 342 482 aut
366 436 501 482 caenum
520 417 742 484 cecidissett
708 422 742 482 at
743 440 807 503 que
826 419 874 483 ita
892 419 1065 503 pristinum
1084 419 1168 484 colo·

156 530 227 572 rem
248 506 447 590 perdidisset.

248 597 299 661 82.
332 594 370 660 Ι).
387 596 437 675 12,
450 597 481 678 4,
498 594 547 660 15
588 589 786 678 Pomponius
809 596 893 661 libro
918 596 1094 660 vicensimo
1119 617 1166 660 se·

157 685 260 750 cundo
289 684 329 748 ad
358 645 513 748 Sabinrim
536 680 586 770 (Ρ
602 683 756 768 687).-
714 681 862 749 -Oum
890 706 1001 748 servus
1027 683 1142 749 tuus
1132 706 1167 748 1n

158 773 374 858 suspicionem
397 773 476 837 furti
494 772 564 836 Αιι
525 777 587 836 ιιιο
610 772 763 855 uenisset,
787 773 904 837 dedisti
878 778 999 837 teum
1018 774 1052 837 in
1072 795 1167 858 quae

158 864 295 928 stionem
324 863 384 926 sub
413 884 451 925 ea
479 882 588 944 causa,
612 864 662 943 ut,
691 862 719 926 si
741 861 774 925 id
797 866 959 946 repertum
983 863 1016 926 in
1040 883 1077 926 eo
1100 884 1167 927 non

156 957 251 1034 esset,
265 951 452 1015 redderetur
466 950 536 1014 tibi.
568 950 597 1014 is
612 971 685 1014 eum
699 950 836 1014 tradidit
849 951 1013 1034 praefecto
1027 950 1165 1034 vigilum

156 1042 248 1126 quasi
266 1042 300 1104 in
319 1039 460 1104 facinore
479 1039 725 1123 deprehensum,
744 1038 927 1122 praefectus
941 1040 1077 1125 vigilum
1092 1061 1165 1104 eum

155 1152 280 1194 summo
312 1128 470 1212 supplicio
498 1126 624 1192 adfecit
670 1147 747 1211 ages
776 1126 916 1193 cumAt
917 1129 963 1211 tio
992 1128 1067 1193 dare
1091 1150 1164 1193 enm

154 1219 216 1283 tibi
249 1222 411 1302 oportere,
444 1215 520 1301 quia
552 1221 585 1280 et
571 1219 688 1280 tante
721 1220 858 1282 mortem
892 1217 967 1281 dare
999 1217 1060 1281 tibi
1092 1238 1165 1281 eum

154 1307 345 1409 oportuerit.
394 1268 502 1370 Labeo
536 1306 582 1368 ait
614 1325 709 1388 posse
743 1305 841 1369 etiam
874 1306 914 1369 ad
948 1306 1165 1372 exhibendum

156 1395 224 1483 agi,
249 1394 402 1481 quoniam
425 1393 538 1460 feeerit
523 1395 732 1478 tquominus
755 1394 929 1460 exhiberet

451 1629 556 1704 Aquae
572 1631 694 1704 pluviae
716 1632 866 1690 arcendae.

243 1752 295 1816 83.
331 1749 370 1814 D.
386 1751 437 1832 39,
452 1751 481 1834 3,
497 1752 527 1833 1,
542 1750 592 1814 17.
642 1748 803 1832 Ulpianus
831 1749 914 1813 libro
943 1749 1164 1834 quinquagen-

155 1840 236 1904 simo
254 1840 366 1904 'tertio
399 1839 440 1903 ad
472 1838 611 1903 edictum
646 1834 696 1924 (P.
719 1834 829 1923 1285).
856 1874 898 1884 -
999 1838 1162 1903 sciendum

154 1933 204 1994 est
231 1928 315 1992 hanc
342 1928 503 1993 actionem
526 1948 593 1991 non
617 1927 697 1991 alias
722 1927 828 1992 locum
851 1926 984 2011 habere,
1012 1927 1163 2010 quamsi

153 2039 237 2102 aqua
272 2017 384 2100 pluvia
420 2037 498 2100 agro
531 2019 660 2099 noceat,
696 2018 838 2080 ceterum
872 2016 900 2079 si
932 2015 1077 2080 aedificio
1111 2015 1162 2080 vel

154 2104 273 2189 oppido
297 2108 421 2186 noceat,
444 2107 549 2168 cessat
573 2103 657 2168 actio
681 2104 754 2190 ista,
778 2105 832 2190 agi
851 2107 959 2168 autern
977 2103 1024 2168 ita
1041 2103 1163 2187 poterit

152 2195 203 2258 ius
236 2214 302 2257 non
334 2215 403 2258 esse
436 2191 603 2256 stillicidia
633 2193 768 2256 flumina
794 2193 977 2257 immittere.
1028 2199 1061 2257 et
1087 2193 1161 2258 ideo

153 2282 262 2348 Labeo
304 2286 337 2346 et
373 2279 548 2346 Cascellius
590 2279 682 2345 aiunt
723 2302 825 2364 aquae
866 2281 993 2366 quidem
1034 2282 1162 2362 pluviae

153 2370 306 2437 arcendae
334 2370 494 2436 actionem
526 2370 698 2453 specialem
731 2391 814 2452 esse,
847 2370 886 2435 de
913 2370 1100 2435 fluminibus
1129 2376 1162 2435 et

97 2511 99 2514 -
153 2460 326 2526 stillicidiis
347 2459 532 2545 generalem
556 2464 589 2523 et
610 2459 730 2542 ubique
753 2460 807 2544 agi
831 2480 869 2524 ea
890 2459 996 2524 licere.

242 2550 294 2615 84.
322 2549 360 2614 D.
374 2548 450 2614 ibid.
465 2550 485 2629 ξ
500 2549 551 2613 20.
573 2583 610 2595 -
631 2545 727 2631 Apud
751 2547 935 2612 Labeonem
1031 2548 1161 2614 invenio

151 2640 301 2720 relatum,
327 2639 355 2703 si
379 2660 417 2702 ex
441 2660 520 2722 agro
543 2659 615 2703 meo
640 2659 724 2721 aqua
745 2638 848 2701 fluens
871 2639 987 2701 noceat
1010 2637 1080 2701 loco
1105 2637 1162 2723 qui

153 2734 203 2793 est
225 2729 311 2793 intra
335 2727 545 2808 continentia,
567 2725 630 2791 hoc
654 2730 704 2790 est
727 2725 881 2809 aedificio,
902 2747 969 2790 non
990 2747 1088 2810 posse
1109 2747 1160 2790 me

153 2839 255 2903 aquae
288 2816 418 2901 pluviae
450 2813 606 2880 arcendae
638 2814 815 2898 conveniri3
849 2814 933 2898 quod
966 2814 993 2878 si
1020 2835 1059 2878 ex
1086 2835 1160 2879 con·

151 2904 331 2971 tinentibus
368 2905 531 2988 profluens
563 2903 598 2966 in
630 2925 737 2967 meum
770 2924 884 2989 agrum
916 2903 1036 2967 defluat
1067 2903 1159 2986 eique

151 2998 281 3077 noceat,
305 3014 407 3078 aquae
430 2991 559 3076 pluviae
583 2991 738 3056 arcendae
763 3013 832 3056 esse
856 2990 1025 3056 actionem.

240 3085 291 3149 85.
324 3081 364 3146 D.
382 3080 458 3145 ibid.
478 3083 497 3161 ξ
514 3081 543 3145 7.
567 3114 608 3127 -
631 3079 741 3144 Labeo
764 3128 826 3144 ...
849 3080 961 3145 scribit
984 3102 1033 3164 ea,
1063 3101 1158 3164 quae·

151 3191 285 3257 cumque
304 3171 434 3256 frugum
448 3169 673 3255 fructuumque
687 3167 942 3253 recipiendorum
957 3191 1053 3234 causa
1066 3170 1158 3254 fiunt,

151 3267 242 3325 extra
269 3261 352 3324 hunc
380 3281 449 3325 esse
477 3281 607 3324 causam
634 3254 692 3345 (sc.
716 3279 817 3342 aquae
844 3258 974 3342 pluviae
1003 3257 1159 3323 arcendae

151 3347 301 3434 actionis)
333 3371 437 3434 neque
464 3349 597 3432 referre,
630 3370 765 3432 quorum
793 3347 955 3412 fructuum
983 3345 1159 3430 percipien-

151 3437 264 3500 dorum
287 3459 384 3501 causa
407 3437 438 3501 id
463 3460 544 3520 opus
568 3438 633 3501 fiet.
1240 3509 1243 3516 Α

241 3524 291 3588 86.
315 3525 354 3588 D.
368 3524 445 3590 ibid.
460 3529 479 3606 ξ
494 3527 542 3591 18.
557 3562 598 3572 -
672 3526 699 3588 si
713 3521 771 3611 (sc.
787 3521 885 3610 aqua)
900 3524 1029 3608 publico
1050 3523 1157 3588 oriens
