2506 3880
151 161 215 226 114
251 161 272 216 L
293 159 449 215 AETATIS
468 158 626 216 AUGUSTI
643 159 692 214 ΕΤ
711 158 847 216 blanau
865 158 961 215 IURIS
980 159 1162 216 CONSULTI

240 323 313 389 104.
331 322 472 408 D.25,2,
484 322 534 388 19.
562 321 721 408 Ulpianus
735 323 820 388 libro
834 323 1027 409 trigensimo
1041 329 1161 407 quarto

150 410 192 477 ad
206 410 344 477 edictum
358 409 409 499 (P.
419 408 509 499 980).
524 447 566 458 —
638 410 748 477 Labeo
763 412 893 497 scripsit
906 433 1038 478 uxorem
1052 434 1162 478 rerum

150 504 332 566 amotarum
354 499 472 585 teneri,
497 500 625 565 etiamsi
648 500 689 566 ad
712 522 784 566 eam
807 521 858 566 res
881 523 947 567 non
970 503 1162 586 pervenerit.
1233 513 1234 516 ’

485 675 575 735 Furti
595 692 648 734 aec
669 676 825 747 manifesti.

240 784 309 850 105.
343 784 384 850 D.
398 785 451 870 50,
466 785 516 864 16,
531 784 584 870 53,
597 786 628 849 2.
673 784 792 849 Paulus
823 783 908 849 libro
937 784 1160 870 quinquagen·
1235 791 1236 842 ζ

149 872 230 937 simo
253 895 340 939 nono
359 873 400 938 ad
418 873 560 939 edictum
578 872 628 960 (P.
644 870 732 960 721).
751 909 793 920 —
884 870 1076 959 dubitatum,
1102 873 1161 940 illa
1235 867 1236 958 1

148 962 246 1027 verba
273 960 346 1047 ‘ope
378 960 525 1028 consilio'
556 961 825 1047 quemadmodum
858 961 1045 1047 accipienda
1074 967 1161 1047 sunt,

148 1051 329 1116 sententiae
355 1050 618 1136 coniungentium
642 1057 699 1117 aut
721 1051 941 1136 separantium
964 1101 971 1114 .
991 1099 998 1114 .
1018 1101 1025 1116 .
1048 1051 1160 1117 Labeo

148 1139 209 1218 ait,
234 1139 409 1224 separatim
437 1140 637 1223 accipienda,
660 1139 736 1224 quia
759 1136 845 1204 aliud
867 1139 991 1205 factum
1014 1144 1066 1205 est
1089 1140 1160 1206 eius

148 1229 204 1313 qui
227 1249 301 1312 ope,
323 1228 412 1294 aliud
435 1229 502 1293 eius
522 1228 578 1312 qui
596 1227 730 1294 consilio
747 1227 871 1293 furtum
890 1228 981 1294 facit:
1005 1228 1052 1294 sic
1072 1230 1161 1295 enim
1235 1249 1236 1272 1

151 1316 208 1381 alii
232 1317 356 1382 condici
380 1320 502 1402 potest,
526 1317 581 1382 alii
603 1338 668 1382 non
691 1321 811 1402 potest

195 1490 242 1550 m
264 1493 367 1564 aaa:
390 1494 417 1550 a
438 1494 466 1551 a
488 1495 538 1565 aaa
560 1496 727 1552 tutamento
750 1492 821 1552 aaa
844 1509 904 1552 esse
924 1451 1023 1552 ausas
1046 1494 1109 1552 eru.

235 1600 308 1666 106.
339 1599 379 1665 D.
398 1602 451 1685 47,
469 1602 500 1685 4,
522 1603 551 1682 1,
572 1604 598 1666 1.
653 1601 811 1685 Ulpianus
843 1601 927 1666 libro
964 1599 1160 1687 trigensimo

146 1691 262 1754 octavo
291 1688 331 1753 ad
359 1690 500 1756 edietum
530 1688 580 1777 (P.
600 1686 709 1778 1061).
737 1727 782 1738 -
808 1689 896 1755 Haec
995 1691 1089 1770 aaa,
1123 1697 1162 1756 ut
1236 1715 1237 1726 ¹

145 1776 253 1843 Labeo
288 1779 429 1865 scripsit,
460 1781 636 1846 naturalem
665 1780 769 1862 potius
794 1780 830 1845 ta
857 1799 888 1844 se
914 1799 1010 1861 quam
1037 1779 1161 1846 ciuilem

143 1866 233 1932 babet
263 1869 457 1955 aequitatem,
488 1870 517 1935 51
548 1870 670 1953 precidem
701 1869 801 1934 5151115
832 1869 933 1950 aaut
963 1869 1050 1936 aetio.
1102 1869 1160 1934 sed
1236 1897 1237 1902 ¹

145 1958 263 2020 natura
286 1977 423 2040 aequum
448 1960 498 2023 est
519 1979 586 2023 non
610 1979 680 2023 esse
699 1956 895 2041 impunitum
914 1979 995 2036 eum,
1019 1957 1077 2041 qui
1094 1956 1161 2024 hac

147 2065 204 2128 spe
224 2043 376 2109 audacior
394 2045 500 2110 factus
520 2049 578 2132 est,
601 2047 677 2130 quia
694 2067 798 2130 neque
816 2049 854 2111 51
872 2067 999 2110 servum
1018 2067 1053 2110 se
1072 2068 1162 2112 coer·

148 2130 213 2196 ceri
239 2153 335 2216 posse
362 2133 524 2218 intellegit
549 2155 605 2219 spe
628 2133 824 2200 imminentis
848 2134 1025 2217 libertatis,
1052 2157 1161 2222 nequo

145 2223 183 2284 ut
205 2219 344 2285 liberum
368 2221 526 2304 damnari,
549 2222 626 2306 quia
652 2222 825 2289 hereditati
848 2223 970 2288 furtum
993 2222 1080 2288 lecit.

183 2331 279 2480 ,8115
303 2331 426 2410 Ulpiani
448 2332 655 2410 Labeonisque
682 2334 781 2395 verbis
810 2335 998 2395 secernendis
1021 2335 1161 2397 dubitari

143 2439 182 2496 po
216 2439 252 2480 s.

234 2523 305 2587 101.
334 2521 374 2588 D.
393 2523 445 2590 47.
463 2525 494 2609 4,
509 2524 539 2589 3.
589 2522 750 2611 Ulpianus
783 2525 866 2591 libro
898 2525 996 2590 tertio
1029 2525 1158 2594 decimo

142 2610 182 2676 ad
215 2611 353 2677 edictum
387 2609 436 2700 (P.
458 2610 582 2693 1063b).
612 2651 654 2660 —
687 2612 796 2679 Labeo
829 2614 956 2698 putavit
987 2615 1047 2679 sub
1082 2636 1160 2682 oon·

143 2698 267 2766 dicione
291 2702 524 2768 manumissum
547 2724 599 2767 res
623 2707 841 2789 amoventem,
864 2703 892 2769 si
914 2702 980 2768 cito
1004 2703 1158 2770 condicio

141 2789 262 2875 extitit,
285 2789 347 2854 hac
370 2791 495 2856 actione
519 2791 782 2858 conveniendum.

361 2959 396 3022 a·
416 2965 535 3036 familia
556 2965 669 3037 {tartum
691 2967 793 3038 facesse
815 2967 932 3026 dicetur.

231 3071 302 3138 108.
332 3071 372 3137 D.
386 3072 438 3156 47,
453 3073 483 3158 6,
497 3073 575 3159 6pr.
622 3072 777 3140 Scaevola
799 3076 883 3141 libro
906 3079 1024 3160 quarto
1049 3077 1160 3153 Quae-

141 3160 283 3227 stionum
298 3158 347 3247 (P.
360 3158 447 3248 150).
462 3162 627 3229 —Labeo
642 3168 746 3250 putat,
761 3163 789 3228 si
803 3164 934 3230 coheres
949 3186 1049 3247 meus,
1065 3167 1159 3251 quod

139 3248 263 3314 furtum
286 3249 412 3315 familia
435 3252 524 3317 cuius
547 3250 693 3335 fecisset,
716 3252 848 3337 duplum
872 3252 1075 3339 abstulisset,
1099 3277 1158 3322 me
1236 3271 1238 3296 ⁴

141 3357 206 3402 non
229 3338 391 3423 impediri,
414 3361 477 3424 quo
501 3341 606 3406 minus
630 3341 720 3425 dupli
745 3361 852 3426 agam.

230 3426 302 3491 109.
333 3426 374 3492 D.
394 3427 470 3494 ibid.
490 3431 510 3510 ξ
527 3432 554 3495 1.
582 3466 625 3477 -
652 3429 755 3514 Idem,
788 3431 815 3496 si
846 3430 1013 3498 defunctus
1041 3432 1160 3500 minus

1236 3339 1238 3404 l

139 3511 239 3597 duplo
264 3514 414 3599 abstulit,
441 3516 544 3583 adhuc
568 3519 713 3604 singulos
736 3518 869 3584 heredes
893 3523 978 3587 recte
1002 3521 1162 3606 experiri.
1237 3535 1238 3610 j
