2568 3890
180 150 246 214 202
282 151 303 221 I.
327 147 480 203 AETATIS
498 146 658 202 AUGUSTI
675 146 723 202 ΕΤ
743 145 879 201 TIBERII
897 145 993 201 lUltlS
1013 144 1198 200 CONSULTI

108 344 111 350 ·
180 311 413 396 posterioribus
436 310 607 376 Labeonis.
631 347 673 356 -
697 307 855 375 ‘Stichum
875 308 966 374 Attio
990 309 1127 394 delego
1151 313 1197 394 et,

181 401 209 463 si
232 400 260 464 is
284 399 314 463 ei
332 421 481 464 nummos
500 402 628 464 centum
647 398 779 481 dederit,
800 399 882 463 liber
900 397 990 462 esto’.
1032 398 1060 461 si
1079 419 1193 464 servus

180 510 220 552 ex
251 491 446 553 testamento
475 509 623 553 nummos
652 487 744 552 Attio
779 486 929 571 dedisset,
957 508 1011 551 eos
1047 491 1194 570 repetere

180 576 330 640 heredem
358 598 424 640 non
445 598 541 660 posse
565 576 672 641 Labeo
698 575 875 654 existimat,
904 575 979 660 quia
1002 575 1112 640 Abbius
1136 598 1194 642 eos

182 687 201 728 a
234 685 326 729 servo
360 687 417 729 suo
451 666 621 748 acceperit,
653 687 718 730 non
746 665 786 729 ab
814 665 940 728 heredis
969 685 1068 730 servo.
1121 687 1195 729 eum

157 756 291 823 ¹autem
323 753 547 818 statuliberum
577 775 645 817 esse
679 751 817 828 Quintus
846 752 985 835 Mucius,
1019 752 1130 817 Gallus
1159 757 1194 818 et

57 862 59 866 ’
180 843 249 926 ipse
273 841 381 907 Labeo
404 847 532 925 putant,
556 839 685 906 Servius
708 839 822 906 Ofilius
846 863 912 905 non
935 863 1014 906 esse.

168 979 170 985 .
269 930 320 995 95.
349 930 388 994 D.
407 931 482 995 ibid.
502 932 522 1010 ξ
544 932 572 995 1.
602 967 639 977 -
670 928 811 1005 ‘Stichus
839 931 921 994 liber
948 933 1033 1013 esto,
1061 931 1193 1015 quando

181 1041 234 1084 aes
260 1021 401 1084 alienum
420 1041 526 1083 meum
551 1019 692 1083 solutum
715 1018 968 1084 creditoribusve
992 1019 1072 1083 meis
1096 1021 1192 1083 satis-

180 1108 303 1186 factum
320 1108 412 1178 ,erit’.
448 1109 593 1192 quamvis
615 1107 707 1172 heres
727 1107 869 1191 locuples
888 1107 1056 1193 extitisset,
1079 1111 1193 1173 tamen

181 1219 248 1261 nen
271 1197 363 1281 prius
388 1195 532 1263 Stichum
556 1195 693 1260 liberum
716 1195 874 1281 futurum,
896 1219 992 1280 quam
1016 1196 1191 1263 creditores

181 1286 350 1368 pecuniam
379 1290 436 1350 aut
463 1284 543 1350 satis
572 1285 771 1369 accepissent
794 1284 897 1351 aliove
921 1307 983 1369 quc
1008 1285 1103 1349 modo
1128 1286 1193 1351 sibi

180 1375 356 1457 cavissent,
379 1373 486 1438 Labeo
510 1371 625 1438 Ofilius
649 1372 892 1459 responderunt.

269 1464 319 1529 96.
349 1462 387 1529 D.
405 1463 480 1529 ibid.
499 1465 518 1544 ξ
538 1464 567 1528 9.
594 1499 627 1508 -
658 1459 694 1528 Si
719 1461 812 1526 heres
841 1483 934 1528 servo
956 1463 1125 1547 pecuniam
1149 1466 1193 1531 ad

179 1551 929 1723 &sitibitiit.t.ttt³ttffl.§tt
942 1553 1056 1706 {iiis
1070 1575 1192 1708 eccs·
1248 1543 1251 1550 ’

179 1729 245 1794 tius
268 1730 512 1814 responderunt,
535 1729 612 1814 quia
629 1729 760 1794 reddere
779 1751 850 1793 eam
872 1730 978 1814 magis
997 1745 1093 1815 quam
1112 1729 1193 1798 dare

179 1817 348 1884 videretur.
741 1853 742 1858 .

270 1907 322 1971 97.
354 1906 393 1970 D.
411 1907 486 1971 ibid.
505 1909 525 1987 ξ
544 1907 573 1972 3.
604 1943 640 1952 -
672 1904 775 1988 <Cum
802 1906 849 1970 ita
881 1906 953 1990 quis
985 1907 1194 1993 scripsisset>

181 1993 301 2059 ‘Dama
342 2016 453 2059 servus
495 2017 567 2060 cum
609 1995 718 2060 heredi
758 2017 829 2060 meo
872 2017 1029 2060 annorum
1067 2002 1191 2080 septem

181 2104 295 2166 operas
324 2082 468 2164 solverit,
496 2083 578 2146 liber
606 2082 686 2149 esto'
711 2087 743 2148 et
769 2085 798 2147 is
822 2105 932 2148 servus
955 2085 1042 2149 intra
1066 2091 1191 2169 septem

180 2185 282 2234 annos
307 2172 342 2234 in
360 2171 477 2235 iudicio
497 2171 626 2254 publico
646 2175 731 2236 esset
749 2176 783 2236 et
801 2173 957 2256 septimus
976 2195 1078 2239 annus
1097 2197 1191 2258 prae·¹

178 2258 324 2342 terisset,
352 2257 480 2323 Servius
504 2260 551 2324 ait
574 2282 646 2324 eum
669 2282 734 2325 non
758 2259 890 2325 liberari
914 2263 1040 2344 debere,
1071 2261 1192 2349 Labeo,

179 2351 214 2498 pt
232 2349 260 2410 si
280 2353 393 2431 postea
412 2348 562 2414 solvisset
581 2370 738 2414 annorum
757 2355 880 2433 septem
902 2373 1026 2433 operas,
1049 2351 1190 2420 liberum

169 2440 335 2501 uturum.

269 2526 321 2592 98.
341 2524 378 2590 D.
389 2525 465 2590 ibid.
476 2528 495 2606 ξ
505 2527 535 2590 4.
550 2563 593 2574 -
607 2523 654 2591 ‘Si
668 2524 796 2592 Stichus
812 2526 923 2591 Attice
938 2528 1025 2592 mille
1039 2547 1191 2597 nummos

179 2613 311 2695 dederit,
334 2614 415 2679 liber
439 2615 529 2680 esto.'
568 2615 660 2680 Attia
682 2615 755 2681 vivo
773 2619 929 2682 testatore
951 2618 1100 2683 decessit:
1124 2643 1192 2686 non

179 2725 275 2786 posse
304 2703 449 2769 Stichum
470 2705 612 2769 'liberum
644 2726 712 2769 esse
739 2705 848 2769 Labeo
876 2704 990 2770 Ofilius
1018 2709 1193 2792 responde·

178 2797 267 2873 runt;
301 2786 485 2877 Trebatius,
518 2794 545 2857 si
573 2797 648 2856 ante
680 2797 912 2858 testamentum
942 2795 1063 2859 factum
1096 2797 1193 2863 Attia

180 2880 383 2962 decessisset,
405 2880 501 2945 idem:
525 2882 553 2944 si
574 2885 701 2965 postea,
724 2903 796 2946 eum
819 2883 956 2947 liberum
979 2882 1132 2950 futurum.

268 2971 319 3035 99.
351 2968 390 3036 D.
408 2969 484 3033 ibid.
503 2972 523 3049 ξ
542 2969 571 3034 5.
602 3005 640 3016 -
670 2969 708 3034 Si
739 2990 842 3035 sactes
873 2992 980 3054 operae
1008 2972 1191 3060 [cotoneo]

178 3059 253 3124 dare
276 3061 378 3124 meets
400 3063 485 3136 esset,
513 3057 719 3141 <estraeece>
741 3059 847 3124 auitae
869 3063 993 3126 nomiae
1013 3063 1094 3128 servi
1116 3084 1192 3130 suae

179 3168 288 3229 operae
315 3149 416 3213 duodo
444 3148 573 3212 liberare
599 3167 719 3212 ecorum
741 3152 847 3229 potest.
892 3152 973 3232 quod
999 3151 1033 3215 ia
1056 3155 1192 3234 moenia

179 3235 271 3300 aliter
298 3236 487 3321 observatur,
519 3241 619 3320 casote
644 3257 714 3302 cum
740 3242 901 3304 estrancue
922 3260 983 3322 pro
1009 3261 1043 3304 co
1069 3244 1191 3323 [saue]

178 3325 283 3390 dando
300 3327 465 3406 meusium
487 3346 606 3391 secum
630 3326 778 3390 liberaret.

270 3415 342 3478 100.
379 3414 417 3479 D.
441 3416 494 3498 40,
520 3417 547 3498 1,
570 3415 621 3479 96.
676 3414 846 3480 Iavolenus
885 3416 966 3481 libro
1001 3421 1115 3500 quarto
1150 3441 1192 3484 ex

179 3501 415 3582 posterioribus
452 3502 621 3567 Labeonis.
657 3539 699 3548 -
737 3501 872 3570 Servum
907 3505 1063 3570 furiosum
1101 3510 1191 3574 omni
