2512 3888
141 126 207 191 404
247 125 283 182 11.
311 123 378 182 TlB.
398 123 474 179 GAll
499 123 628 181 CLAUD.
648 124 783 182 NERON.
803 124 910 182 ΤΕΜΡ.
928 125 1025 180 IURIS
1048 123 1152 182 CONS.

145 295 209 354 eive
239 285 354 353 nescit'.
398 292 429 352 iu
456 291 624 370 fragmento
647 295 750 352 autem
777 312 813 352 ex
835 293 958 369 Ulpiani
983 292 1059 353 libro
1083 293 1153 352 XLI

145 383 241 459 petito
259 381 333 441 haec
350 382 492 458 leguntur
510 373 558 461 (P.
578 375 693 463 2870):
717 376 786 452 ‘Qui
809 382 940 441 alienum
963 381 1036 459 quid
1053 382 1153 442 iacens

143 470 221 530 lucri
243 470 372 529 faciendi
394 488 485 530 causa
507 471 645 547 sustulit,
672 470 749 530 furti
771 471 983 550 obstringitur,
1010 471 1073 531 sive
1095 471 1154 530 scit

143 559 228 621 cuins
251 559 291 618 sit
311 559 374 620 sive
391 559 556 636 ignoravit:
578 559 652 618 nihil
672 559 752 619 enim
770 559 809 619 ad
826 560 942 619 furtum
960 559 1155 619 minuendum

144 648 231 726 facit,
257 647 338 724 quod
361 648 446 708 onius
470 648 511 708 sit
533 647 661 726 ignorat.
707 648 786 724 quod
810 649 836 708 si
858 648 995 708 dominus
1017 648 1050 708 id
1073 647 1155 708 dere·

144 737 246 813 liquit,
273 737 390 796 furtum
412 756 473 797 non
494 737 531 796 fit
552 736 631 815 eius,
658 737 776 798 etiamsi
800 756 855 816 ego
879 737 1000 796 furandi
1023 736 1157 797 animum

143 826 291 902 habuero3
317 844 372 885 nec
400 826 479 884 enim
505 825 621 885 furtum
648 826 683 885 fit
709 825 769 886 nisi
795 826 836 886 sit
863 827 911 885 cui
937 826 1005 904 fiat3
1033 825 1065 885 in
1087 845 1156 903 pro·

144 915 243 991 posito
275 917 377 974 autem
408 914 486 973 nulli
516 914 566 990 fit,
598 913 710 992 quippe
742 934 811 974 cum
842 915 961 991 placeat
990 914 1094 975 Sabini
1126 917 1158 974 et

145 1002 241 1064 (tassii
269 1003 418 1062 sententia
440 1002 677 1062 existimantium
703 1003 807 1063 statim
829 1007 964 1063 nostram
991 1021 1057 1064 esse
1079 1003 1157 1063 desi-

144 1111 229 1168 nere,
261 1111 352 1169 quam
383 1091 627 1169 derelinquimus.
671 1091 723 1151 sed
755 1092 782 1152 si
807 1111 869 1152 non
890 1093 949 1152 fuit
972 1092 1158 1166 derelictum,

145 1179 266 1258 putavit
283 1183 385 1240 tamen
403 1180 588 1257 derelictum,
609 1180 684 1240 furti
701 1199 761 1240 uon
779 1184 907 1241 tenetur.
947 1181 999 1241 sed
1018 1182 1044 1241 si
1061 1199 1158 1258 neque

145 1270 206 1330 fuit
232 1288 327 1346 neque
353 1269 484 1346 putavit,
513 1269 613 1329 iacens
636 1272 737 1329 tamen
759 1269 846 1348 tulit,
874 1288 934 1329 non
957 1272 994 1329 ut
1015 1271 1158 1347 lucretur,

145 1359 198 1419 sed
224 1357 398 1418 redditurus
421 1357 449 1416 ei
476 1357 563 1417 cuins
590 1357 662 1436 fuit,
684 1377 744 1417 non
765 1361 887 1418 tenetur
909 1359 991 1418 furti.
1030 1358 1157 1436 proinde

145 1448 314 1525 videamus,
346 1447 372 1507 si
402 1446 498 1506 nescit
530 1447 616 1506 cuius
649 1450 740 1523 esset,
772 1448 815 1507 sio
842 1450 944 1507 tamen
970 1447 1044 1507 tulit
1071 1448 1158 1525 quasi

145 1536 318 1597 redditurus
350 1536 379 1595 ei
411 1536 464 1613 qui
496 1535 695 1596 desiderasset
725 1537 774 1596 vel
805 1536 859 1612 qui
890 1536 1069 1597 ostendisset
1096 1555 1160 1596 rem

146 1644 245 1701 suam,
277 1644 315 1684 an
347 1625 422 1684 furti
454 1625 613 1704 obligetur.
664 1627 695 1684 et
720 1644 781 1685 non
807 1628 883 1701 puto
912 1624 1040 1703 obligari
1069 1619 1161 1684 eum'.

147 1714 250 1790 itaque
270 1713 374 1773 Sabini
391 1715 571 1774 sententiam
589 1713 628 1772 ad
646 1714 771 1775 verbum
789 1714 852 1773 fere
870 1713 1035 1774 reddidisse
1051 1712 1161 1790 Ulpia—

148 1822 220 1863 num
240 1805 373 1879 apparet.
405 1806 438 1862 at
456 1803 619 1880 quaeritur,
637 1806 742 1862 utrum
760 1802 825 1862 eius
844 1802 937 1862 rerba
955 1802 1041 1880 quasi
1059 1802 1160 1862 aliena

147 1891 346 1968 proposuerit,
368 1891 400 1950 id
422 1891 502 1967 quod
524 1891 646 1951 Lenelio
670 1892 777 1969 placet,
800 1909 839 1950 an
859 1894 894 1951 ut
913 1910 968 1952 sua
986 1894 1017 1951 et
1034 1891 1161 1968 propria

147 1980 283 2056 quamvis
310 1982 428 2040 mutata
455 1998 490 2040 eo
518 1979 654 2056 consilio,
686 1982 723 2039 ut
748 1999 825 2057 rem,
856 1980 1031 2058 priusquam
1058 1980 1158 2040 fusius

147 2068 357 2146 explicaretur,
379 2067 553 2129 brevissime
575 2069 764 2147 proponeret,
787 2069 867 2146 quod
888 2070 985 2146 magis
1007 2069 1117 2145 placet.

239 2331 492 2404 Quemadmodum
527 2333 666 2394 extremis
698 2333 809 2394 liberae
841 2335 886 2395 rei
916 2334 1054 2412 publicae
1086 2338 1163 2395 tem·

149 2422 272 2501 poribus
297 2421 330 2492 Q.
351 2422 469 2482 Mucius
492 2416 523 2505 (I
540 2443 568 2499 p.
584 2414 651 2504 59),
673 2423 718 2483 ita
740 2422 826 2483 initio
849 2423 1037 2500 principatus
1061 2425 1164 2485 Masu-

150 2513 214 2576 rius
248 2511 376 2573 Sabiuus
412 2511 487 2572 iuris
524 2511 619 2573 civilis
656 2511 741 2572 libris
776 2530 871 2573 novae
908 2512 1165 2590 inrisprudeutiae

149 2601 347 2662 fundamenta
362 2602 482 2662 struxit.
519 2602 556 2661 de
570 2601 710 2662 editionis
728 2605 863 2678 tempore
881 2601 957 2660 nihil
976 2604 1093 2662 constat
1107 2602 1168 2662 nisi

152 2694 223 2752 ante
243 2710 269 2751 a.
285 2693 326 2753 62
347 2709 411 2750 eam
430 2691 540 2751 factam
557 2709 630 2768 esse,
650 2709 708 2767 quo
727 2709 804 2751 anno
819 2689 940 2750 Persius
958 2693 1095 2751 mortuns
1108 2695 1168 2751 cst.

150 2800 224 2841 num
255 2781 292 2841 de
327 2781 586 2840 senatusconsulto
618 2779 803 2859 Neroniano,
838 2779 874 2837 de
907 2798 966 2856 quo
998 2779 1169 2840 Masurium

152 2870 261 2930 dixisse
286 2867 379 2930 Gaius
395 2872 423 2948 2,
439 2871 502 2930 218
526 2868 629 2946 tradit,
653 2871 684 2927 et
706 2868 743 2927 de
766 2867 939 2943 Turpiliano
963 2868 1033 2927 anni
1053 2870 1104 2946 61,
1129 2868 1168 2928 de

153 2978 212 3036 qno
239 2958 319 3018 idem
346 2957 456 3018 dixisse
487 2957 616 3033 ridetur,
648 2956 679 3015 in
710 2956 785 3015 iuris
818 2956 915 3017 ciuilis
947 2956 1033 3016 libris
1061 2958 1170 3036 egerit,

153 3065 334 3124 quamquam
351 3047 396 3106 rei
417 3047 537 3109 ridetur
560 3038 725 3122 convenire,
747 3046 780 3104 in
802 3045 926 3106 incerto.
938 3045 1170 3123 relinquendum

153 3137 209 3194 est.
258 3135 334 3194 nihil
365 3139 467 3196 tanim
497 3137 611 3213 obstat,
644 3134 802 3212 quominus
834 3135 889 3194 hos
921 3134 1015 3194 libros
1048 3134 1074 3194 si
1105 3154 1170 3195 nou

153 3221 296 3297 primum,
325 3226 358 3283 at
385 3227 464 3284 carte
487 3225 598 3285 iterum
621 3243 640 3283 a
662 3243 731 3284 sene
759 3223 856 3284 editos
885 3242 949 3284 esse
975 3222 1170 3284 coniciamus.

242 3310 288 3368 De
316 3312 413 3387 operis
440 3313 540 3373 indole
568 3315 599 3372 et
620 3316 730 3373 natura
751 3315 816 3372 tam
838 3313 984 3372 librorum
1009 3313 1170 3388 paucitate

156 3411 246 3466 qnam
267 3397 444 3472 fragmentis
466 3419 485 3460 a
508 3399 605 3462 Gellio
629 3402 667 3461 ad
689 3401 814 3462 verbum
837 3401 940 3461 relatis
968 3401 1022 3460 hoo
1050 3405 1172 3462 certum

158 3481 212 3550 est,
234 3499 292 3540 non
314 3485 455 3566 tironum,
478 3489 530 3549 sed
552 3489 625 3549 iuris
648 3489 812 3566 peritorum
840 3490 909 3550 usui
931 3489 962 3549 id
982 3489 1176 3552 destinatum
