2508 3896
371 219 395 270 2.
419 215 604 271 MASURIUS
628 213 781 272 SABINUS
1016 213 1089 280 5653

72 383 213 442 inferiora
251 383 386 442 aedificia
418 402 478 444 non
511 383 648 462 graviore
680 384 826 444 servitute
859 388 961 446 oneret
992 404 1083 462 quam

72 473 134 549 pati
157 472 273 531 debent.
593 517 594 524 ,

158 561 299 620 Fortasse
322 561 359 620 de
382 579 416 620 eo
440 563 556 638 agitur,
584 561 664 637 quod
691 561 836 621 Sabinum
863 562 971 622 dixisse
994 562 1085 622 Pom-

70 649 176 726 ponius
207 649 326 709 rettulit
358 650 446 710 hodie
477 650 623 728 ignotum.
683 650 777 710 Lenel
808 651 842 711 P.
869 653 968 710 notat:
1003 646 1083 711 ‘Non

71 738 208 798 videntur
235 739 309 798 haec
336 739 375 798 ad
397 758 433 798 ea
456 742 604 816 spectare,
632 757 708 816 quae
731 740 843 799 Paulus
866 742 978 799 tractat
1000 740 1082 818 frag·

71 829 172 887 mento
190 827 390 904 praecedenti,
409 829 461 888 sed
480 829 517 887 ad
532 827 636 888 Sabini
654 829 759 904 locum,
779 848 838 905 quo
852 829 904 889 ille
918 828 1083 904 definierat,

71 934 155 993 posse
179 916 323 976 constitui
347 916 394 975 ius
417 917 571 995 tignorum
593 917 853 977 immittendorum
875 936 1024 995 supraque
1047 937 1084 977 ea

72 1005 155 1083 tigna
179 1005 362 1065 aedificandi.
399 1005 435 1065 cf.
450 1006 487 1066 fr.
503 999 588 1066 781'.
625 1006 662 1066 of.
683 1005 924 1083 Sabinussystem
942 1027 972 1083 p.
986 1008 1037 1067 88.

243 1202 290 1260 De
311 1203 493 1261 scrutatione
515 1202 688 1262 libertatisca
709 1203 905 1276 usucapione?

160 1324 206 1385 De
238 1326 429 1386 servitutium
459 1328 489 1383 et
517 1325 553 1384 de
580 1325 731 1385 libertatis
758 1343 876 1400 quoque
903 1323 1085 1401 usucapione

72 1413 198 1474 Sabinus
221 1413 343 1474 videtur
362 1413 482 1474 dixisse.
519 1413 556 1473 cf.
570 1413 704 1490 Pomp.I
722 1414 754 1474 P.
772 1415 955 1474 rac—772.
991 1412 1085 1473 Lenel

70 1503 236 1579 lapssl

160 1586 358 1652 ‘Libertatem
394 1591 586 1652 servitutium
622 1591 747 1666 usucapi
781 1609 869 1668 posse
900 1591 1000 1651 verius
1029 1592 1086 1666 est,

72 1681 141 1758 quia
164 1698 231 1740 eam
254 1680 465 1756 usucapionem
488 1679 613 1740 sustulit
634 1681 682 1740 lex
707 1679 870 1756 Scribonia,
893 1697 969 1756 quae
992 1679 1085 1738 servi·

71 1773 169 1829 tutem
205 1769 419 1846 constituebat,
462 1788 521 1830 non
557 1769 649 1828 etiam
685 1787 764 1842 eam,
801 1787 877 1846 quae
912 1768 1085 1828 libertatem

71 1860 206 1935 praestat
243 1858 365 1918 sublata
400 1851 565 1919 servitute?
621 1857 659 1920 D.
682 1861 733 1932 41,
753 1860 782 1933 3,
801 1861 830 1931 4,
850 1859 891 1917 28
929 1857 1013 1920 Paul.
1046 1855 1086 1915 ad

71 1948 211 2007 edictum.

480 2030 530 2095 De
550 2031 675 2114 fiducia

159 2159 204 2218 De
230 2159 340 2219 fiducia
367 2159 442 2219 dixit
465 2158 499 2229 Q.
517 2159 633 2220 Mucius
657 2153 727 2240 (lp.
745 2153 837 2241 102);
865 2159 994 2219 aliorum
1018 2179 1085 2221 seu-

70 2249 185 2308 tentiae
214 2267 232 2306 a
261 2248 439 2308 Triboniano
467 2250 516 2308 vel
544 2248 660 2308 deletae
686 2250 736 2308 vel
762 2252 898 2309 mutatae
926 2254 1004 2310 sunt
1050 2269 1087 2309 ex

70 2337 158 2398 libris
191 2337 229 2396 sd
257 2337 401 2396 Sabinum
433 2337 550 2414 scriptis
578 2337 735 2422 Pomponii
766 2340 886 2397 tantum
915 2339 1087 2418 fragmenta

71 2428 174 2486 extant
206 2420 253 2505 (P.
281 2423 469 2504 ssu—801)
502 2429 532 2486 et
563 2426 608 2485 ita
640 2427 773 2503 quidem,
806 2430 842 2487 ut
873 2447 927 2502 pro
959 2427 1085 2487 fiduciae
1130 2430 1138 2440 ²

68 2513 204 2592 pignoris
245 2533 303 2575 vox
347 2515 446 2591 posita
487 2514 535 2574 sit.
598 2532 647 2573 res
688 2514 814 2574 fiduciae
856 2533 947 2574 causa
988 2515 1086 2592 datae,

69 2623 199 2682 quarum
221 2603 253 2662 iu
270 2603 415 2681 Pomponi
438 2603 615 2680 fragmentis
637 2603 749 2662 mentio
772 2602 816 2680 fit,
839 2622 898 2661 non
920 2603 996 2662 aliae
1016 2611 1087 2662 sunt

67 2693 127 2752 nisi
163 2691 249 2752 fundi
286 2683 332 2773 (P.
363 2685 467 2753 797⁸b.
497 2694 569 2753 798.
600 2694 661 2752 799
672 2710 716 2767 pr.
746 2681 824 2772 801)
868 2694 899 2750 et
939 2691 1087 2766 mancipia

67 2778 117 2856 (P.
134 2783 197 2930 wel.
218 2773 312 2945 {ubis
340 2869 388 2929 de'
404 2871 591 2947 coemptione
617 2891 647 2946 p.
666 2870 745 2949 475,
773 2869 810 2929 de
837 2870 935 2929 tutela
961 2889 990 2944 p.
1011 2870 1086 2945 506,

67 2959 104 3020 de
127 2958 315 3035 usucapione
337 2979 372 3035 p:
380 2959 453 3020 559.

443 3095 493 3161 Da
508 3095 712 3178 postliminio.

160 3225 206 3286 De
232 3225 417 3302 postliminio
445 3224 585 3284 dixerunt
612 3224 724 3284 Brutus
754 3217 784 3307 (l
802 3245 832 3301 p.
852 3217 923 3305 24),
953 3224 1086 3284 incertus

66 3315 194 3392 quidam
212 3305 255 3397 (p.
266 3307 333 3398 41),
355 3313 388 3385 Q.
406 3313 521 3374 Mucius
540 3307 582 3390 (p.
595 3307 660 3391 96),
679 3312 800 3373 Servius
820 3305 863 3396 (p.
875 3305 962 3395 240),
982 3311 1087 3373 Gallus

64 3397 110 3486 (p.
138 3396 227 3484 848),
255 3403 355 3464 nasso
384 3395 431 3486 (11
456 3423 484 3480 p.
510 3393 596 3484 159).
642 3401 675 3460 sn
701 3402 785 3464 risus
813 3403 851 3462 aa
876 3403 944 3462 sas.
968 3402 1088 3479 scapus

64 3492 174 3570 Pomp.
189 3493 208 3551 1.
224 3491 352 3552 xxxvl
373 3493 406 3554 P.
422 3493 495 3569 eos,
518 3491 604 3553 Pan.
618 3490 638 3551 1.
652 3475 723 3550 rvr
745 3492 779 3552 P.
796 3494 890 3553 reas.

160 3581 205 3640 De
233 3581 295 3641 filio
322 3581 507 3657 postliminio
534 3581 679 3641 redeunte
703 3580 830 3642 Sabinus
855 3600 945 3659 supra
967 3601 995 3658 p.
1010 3583 1086 3642 426.
