2506 3880
143 159 207 224 154
243 160 263 216 1.
287 155 442 214 AETATIS
460 154 619 215 AUGUSTI
635 158 683 212 ET
703 155 838 211 TIBERII
854 154 951 211 IURIS
970 145 1154 211 coNsULTI
1224 80 1230 199 1

511 336 555 391 De
574 337 642 391 maai
658 336 777 392 emetita.

230 438 280 501 12
304 397 343 500 1).
362 437 414 522 33,
430 438 458 520 ’1,
474 435 525 501 29.
562 434 670 501 Labeo
693 435 777 499 libro
796 434 902 519 primo
920 439 1086 500 πιθανῶν.
1108 472 1150 485 -
1228 456 1241 508 ;ι

141 524 179 591 Si
205 545 314 590 marem
340 545 409 591 am
435 527 637 616 iastrammto
664 524 776 606 amisti,
803 523 1000 604 praestitit
987 523 1042 588 titi
1068 524 1241 596 debete

141 614 255 698 saepta
277 615 373 680 mares.
1230 643 1242 686 o

230 726 392 801 f..,o50
409 728 460 804 16,
475 728 593 802 mppr.

434 909 481 969 Do
503 911 640 970 tooatrbree
662 910 851 969 imitatione.
886 883 890 891 ⁸

501 1017 545 1071 De
562 1018 629 1072 maai
646 1017 786 1072 ceretaeta.

229 1118 279 1183 13.
303 1115 342 1181 D.
364 1117 414 1200 14,
427 1117 457 1200 2,
474 1117 525 1200 10,
539 1117 567 1181 2.
613 1115 721 1181 Labeo
750 1117 833 1181 libro
857 1117 960 1201 primo
985 1117 1152 1184 Pithanon
1241 1119 1244 1126 ’

139 1205 276 1271 aPaulo
300 1206 558 1289 epitomatorem.
578 1243 620 1254 —
640 1203 678 1288 Si
699 1206 872 1271 aomdmaisti
893 1226 1002 1270 navem
1024 1206 1151 1288 empta

137 1315 247 1360 raram
273 1296 333 1359 duo
360 1293 482 1360 militem
507 1298 537 1358 at
562 1294 605 1358 ibi
633 1293 799 1376 amphoras
820 1296 967 1378 portasti,
990 1315 1052 1378 pro
1074 1296 1151 1361 dero
1239 1351 1242 1371 ,

138 1384 194 1449 bas
216 1383 342 1448 mitibus
364 1382 585 1465 amphorarum
602 1380 739 1464 pretium
761 1383 854 1448 debes.
1238 1380 1242 1391 '

229 1472 277 1538 14.
305 1470 344 1537 D.
364 1471 440 1536 ibid.
459 1473 479 1552 ἓ
499 1472 527 1535 1.
553 1508 591 1518 -
616 1471 654 1538 Si
680 1492 717 1537 ea
743 1473 916 1537 modiatam
942 1492 1051 1536 marem
1075 1491 1149 1536 eom-

138 1561 267 1639 damst,
298 1565 335 1624 mt
363 1581 399 1626 ea
430 1580 540 1626 meroes
571 1565 641 1626 torae
667 1565 867 1663 portaremtm
897 1580 1005 1642 eosque
1035 1580 1151 1627 meroes

142 1649 232 1714 remila
248 1653 349 1714 memte
365 1651 539 1716 necessitate
556 1650 706 1715 coaetos
692 1670 728 1714 m
745 1669 853 1714 marem
871 1649 1054 1732 deteriorem,
1077 1669 1150 1714 amm
1243 1724 1247 1737 η

137 1738 173 1802 id
193 1739 282 1803 seirat
303 1739 422 1821 tetiari
443 1739 535 1817 mette,
563 1738 723 1804 transtulit
744 1742 773 1802 et
794 1756 904 1803 meroes
926 1742 996 1802 tuae
1017 1757 1086 1801 emm
1108 1758 1149 1802 ea
1242 1746 1247 1820 ‘j

137 1846 215 1891 mave
236 1827 408 1908 partomi,
435 1828 470 1892 in
496 1848 566 1930 qao·
581 1828 742 1892 emissime
764 1830 862 1891 aeetae
883 1831 967 1909 sant,
944 1824 1085 1890 tbabes
1108 1847 1148 1892 ee
1243 1821 1247 1854 ¹

139 1916 283 1980 emdmto
306 1916 400 1980 iocata
423 1936 493 1981 amm
509 1916 616 1997 priore
637 1921 736 1981 mamta
758 1915 916 1980 aetiomem.

384 2079 428 2136 De
444 2081 571 2136 artemam
588 2081 735 2150 mancipiis
752 2081 900 2136 aomdmetie.

230 2179 280 2244 15.
304 2178 342 2243 D.
363 2178 414 2263 14,
429 2179 458 2262 2,
474 2178 516 2243 10
526 2201 573 2262 pr.
617 2179 725 2245 Labeo
748 2181 833 2244 libro
856 2180 960 2265 primo
984 2179 1149 2247 Pitbanon
1246 2171 1248 2209 ³

140 2289 159 2331 a
186 2266 286 2332 Paulo
314 2267 572 2352 epitomatorum.
603 2305 640 2314 -
669 2267 707 2333 Si
736 2268 869 2334 vehenda
895 2269 1052 2352 marmepia
1079 2289 1148 2335 eerr-

137 2356 268 2440 ctmaisti,
293 2376 354 2437 pro
381 2376 414 2420 eo
443 2357 610 2440 mancipio,
640 2358 722 2439 qaod
747 2359 782 2422 im
808 2378 885 2423 aare
912 2364 1067 2423 mortmmm
1094 2363 1147 2444 est,

139 2448 262 2510 ambira
280 2444 337 2510 tim·
357 2465 420 2509 mom
441 2445 569 2511 debetur.

454 2601 498 2658 De
516 2604 575 2658 rivo
592 2603 719 2670 faciamte
737 2603 831 2659 locato.

227 2702 277 2767 16.
297 2701 336 2768 D.
352 2702 402 2785 19,
413 2704 443 2785 2,
453 2703 504 2768 62.
531 2703 640 2768 Labeo
654 2703 739 2768 libro
753 2704 857 2787 primo
872 2702 1148 2768 Pithanorum.-

142 2787 180 2856 Si
201 2792 316 2868 rtrum,
345 2811 433 2872 quem
452 2792 630 2873 faoimdmm
652 2793 840 2858 mmdmaerae
862 2796 891 2857 et
910 2791 1039 2874 feceras,
1061 2796 1147 2856 arete-

138 2899 232 2961 qaam
249 2899 319 2944 eum
331 2880 488 2962 probares,
509 2879 590 2944 tates
607 2882 784 2965 eorremtpit,
802 2885 889 2946 teon
901 2880 1077 2963 pmioairm
1095 2886 1146 2946 est.

557 3104 665 3165 Liber
687 3105 725 3165 11

529 3221 576 3280 De
598 3223 756 3282 donatiam.

227 3331 277 3394 17.
297 3329 334 3395 D.
349 3331 402 3415 24,
418 3333 446 3412 1,
461 3331 512 3397 67.
553 3329 661 3397 Labeo
685 3331 769 3397 libro
788 3333 926 3398 seeundo
946 3332 1107 3397 Pithanon
1126 3354 1148 3398 a

137 3416 237 3482 Paulo
265 3420 521 3502 epitomatorum.
548 3456 590 3465 —
619 3419 657 3486 Si
682 3441 761 3486 maor
789 3423 925 3487 nummis
951 3441 972 3485 a
999 3421 1064 3485 viro
1091 3427 1150 3486 amt

29 3604 53 3626 ι
136 3503 174 3568 at
206 3525 238 3570 eo
263 3508 318 3587 qui
343 3509 378 3573 in
404 3509 470 3572 aios
497 3511 645 3589 potestate
670 3514 758 3594 esset,
789 3511 849 3576 etr·
874 3511 996 3576 donatis
1022 3529 1148 3575 arvam
