2580 3888
421 189 446 238 1.
469 175 651 238 MASURIUS
671 183 823 237 SABINUS
1062 181 1126 246 319

124 353 277 428 falcesque
313 351 473 410 messoriae
509 351 601 410 falces
634 350 766 410 senariae
798 351 880 427 quali
910 351 1131 412 vindemiatorii

125 440 359 518 exceptoriique,
391 440 422 498 in
454 440 563 515 quibus
595 457 672 499 uvae
704 435 949 519 comportantur',
977 441 1013 499 de
1043 440 1133 500 doliis

123 533 154 590 61
180 531 284 606 cuppis
308 523 358 608 (D.
378 531 429 604 33,
445 531 472 601 7,
493 520 590 609 8pr.).
636 528 737 606 agitur
760 528 795 586 16
818 527 905 587 horto
929 532 959 589 61
981 529 1077 605 pomis
1101 535 1133 588 61

124 619 278 680 holeribus
301 621 333 676 61
353 617 476 677 floribus
495 609 545 698 (D.
562 621 590 694 7,
606 618 634 694 8,
651 619 701 693 12,
717 607 760 698 1),
784 615 820 675 16
847 616 953 693 apibus
977 622 1007 677 61
1026 618 1130 678 avibus

124 700 175 790 (D.
190 710 242 786 33,
258 710 286 785 7,
302 709 353 780 12,
369 699 439 788 13),
466 705 501 764 16
530 706 611 766 saltu
637 723 747 782 pascuo
776 696 825 786 (D.
842 707 892 781 19,
908 707 936 780 2,
953 708 1002 781 19,
1018 701 1064 784 1),
1094 707 1132 766 de

122 797 215 856 fundo
244 797 342 856 locato
366 787 417 877 (D.
433 797 484 871 24,
495 787 641 875 3,25,4),
664 795 700 853 16
724 795 827 854 colono
851 787 1129 872 (6611.11,18,13.

122 885 159 945 D.
180 888 230 961 12,
245 887 274 958 1,
289 878 359 966 22),
383 884 420 944 16
442 884 518 944 66116
541 883 600 943 6161
623 885 653 942 61
675 882 750 958 vini,
774 901 850 960 quae
872 882 973 942 venire
996 883 1132 942 solebant

136 975 173 1032 D.
198 976 253 1051 33,
273 976 305 1052 9,
324 976 358 1047 4,
378 965 427 1055 2),
459 972 496 1032 de
529 975 626 1048 66616,
659 965 710 1051 (D.
734 974 789 1048 33,
810 975 842 1046 6,
863 963 962 1054 961),
997 971 1032 1030 16
1062 971 1134 1030 lena

135 1063 172 1122 D.
190 1065 242 1140 32,
257 1065 308 1141 70,
323 1057 367 1142 2).

208 1152 255 1211 Er
277 1153 434 1210 domorum
455 1151 654 1211 instrumento
676 1151 750 1210 hacc
769 1150 945 1210 afferuntur:
969 1149 1036 1210 1616
1055 1167 1132 1225 quae

120 1241 153 1300 in
179 1241 354 1317 hypaethris
383 1239 584 1299 extenduntur
610 1258 746 1316 quaeque
774 1243 845 1299 sunt
871 1239 951 1298 61166
979 1239 1133 1298 columnas

122 1322 173 1412 (D.
203 1331 254 1402 33,
279 1331 307 1405 7,
332 1331 381 1406 12,
405 1319 475 1409 20),
510 1328 628 1403 pictura
668 1321 718 1410 (D.
747 1318 1027 1407 50,16,14pr.),
1063 1326 1132 1385 libri

120 1421 153 1478 61
179 1417 362 1477 bibliotheca
384 1410 435 1495 (D.
455 1419 506 1493 32,
525 1419 576 1491 52,
596 1420 625 1493 3,
646 1411 692 1497 7),
721 1417 819 1477 scalae
845 1409 896 1498 (D.
916 1419 945 1488 8,
965 1419 994 1494 2,
1014 1417 1065 1494 19,
1084 1409 1133 1494 2),

119 1508 276 1583 praeterea
312 1524 420 1564 aurum
455 1508 486 1564 61
522 1509 679 1583 argentum
716 1498 766 1587 (D.
796 1508 850 1579 34,
875 1508 903 1578 2,
930 1508 980 1583 19,
1006 1507 1054 1564 13.
1080 1505 1131 1582 13,

123 1599 152 1671 7,
172 1596 212 1654 36
227 1587 299 1675 pn),
335 1611 471 1671 gemmae
501 1586 551 1675 (D.
576 1595 627 1670 34,
647 1596 675 1670 2,
696 1597 745 1672 19,
766 1585 835 1674 17),
866 1595 896 1653 in
928 1593 975 1653 his
1008 1595 1132 1671 argento

119 1702 231 1744 661616
249 1683 382 1742 inclusae
401 1675 450 1763 (D.
466 1684 517 1755 34,
533 1685 561 1760 2,
578 1684 627 1760 19,
644 1677 710 1761 13),
732 1682 859 1758 denique
881 1682 979 1758 lapilli
1001 1686 1033 1741 61
1053 1701 1133 1741 mar—

119 1773 236 1852 ganas
259 1765 310 1853 (6.
331 1773 381 1846 34,
397 1774 426 1850 a,
443 1773 492 1849 19,
509 1769 573 1851 16).

208 1861 295 1921 Addo
323 1879 400 1938 quae
428 1859 465 1920 de
492 1864 577 1936 66116
604 1859 747 1928 familias,
776 1861 871 1920 matre
898 1859 1040 1936 familias,
1069 1858 1133 1918 filio

121 1949 266 2028 familias,
294 1949 357 2008 filia
383 1949 514 2009 familias
543 1949 689 2012 dicuntur.
739 1948 851 2008 mentio
878 1949 914 2008 fit
939 1948 1011 2009 boni
1035 1947 1133 2024 661116

121 2038 252 2098 familias
271 2032 322 2120 (D.
343 2041 370 2117 7,
387 2041 414 2117 1,
431 2041 458 2114 9,
474 2029 522 2118 2),
541 2038 688 2098 instructo
707 2038 799 2098 fundo
818 2037 917 2098 omnia
935 2056 971 2097 66
985 2036 1131 2097 contineri

122 2127 238 2202 definit,
266 2146 341 2205 qnae
367 2147 402 2187 eo
425 2127 571 2189 collocata
593 2127 662 2200 sint,
686 2132 721 2187 ut
743 2127 919 2188 instructior
942 2129 1022 2187 66661
1044 2129 1131 2202 66161

120 2217 251 2276 familias
285 2207 336 2297 (D.
357 2218 407 2294 33,
422 2222 451 2294 7,
468 2219 517 2291 12,
533 2211 603 2299 27),
640 2217 761 2277 11666111
792 2216 828 2276 16
859 2216 949 2276 rebus
980 2216 1030 2277 161
1062 2219 1131 2274 ante

122 2305 244 2364 ductam
284 2324 406 2365 uxorem
445 2306 494 2368 161
532 2309 639 2382 666166
674 2325 693 2365 6
728 2309 813 2382 patre
849 2305 981 2364 familias
1016 2304 1132 2380 paratis

122 2386 173 2477 (D.
189 2395 240 2468 32,
255 2385 326 2477 45),
358 2413 436 2470 penu
469 2413 504 2454 66
532 2413 648 2470 quoquc
676 2395 822 2454 contineri
850 2394 1020 2470 constituit,
1054 2411 1131 2470 quae

122 2484 323 2543 iumentorum
352 2501 444 2542 causa
466 2486 612 2559 apparata
634 2482 707 2559 sint,
735 2483 842 2559 quibus
865 2481 1003 2541 dominus
1025 2484 1131 2540 utatur

122 2564 262 2654 (66114,
284 2576 312 2649 1,
331 2574 382 2632 21.
410 2571 446 2630 D.
467 2573 517 2646 33,
533 2573 561 2648 9,
577 2566 683 2649 3pr.);
712 2570 776 2631 vini
804 2569 1004 2645 appellatione
1032 2570 1134 2628 omnia

121 2660 285 2740 significari
307 2660 389 2736 dicit,
413 2679 489 2736 quse
512 2659 574 2718 vini
596 2677 721 2718 numero
739 2657 973 2734 paterfamilias
991 2658 1131 2716 habuerit

121 2750 171 2825 (D.
187 2751 238 2826 33,
253 2753 282 2826 6,
298 2752 316 2811 9
331 2740 399 2829 pr.)
450 2748 555 2807 matris
583 2746 712 2806 familias
739 2747 772 2806 in
798 2746 976 2824 fragmentis
1003 2746 1130 2805 66116116

123 2840 234 2900 diserte
257 2838 369 2898 mentio
392 2856 453 2897 non
470 2837 512 2897 fit.
554 2839 585 2896 61
607 2837 643 2895 16
662 2837 748 2895 lanae
767 2834 967 2912 appellatione
987 2833 1132 2893 Sabinum

121 2929 233 2989 dixisse
262 2927 393 2988 traditur
421 2918 472 3009 (D.
491 2928 541 3002 32,
558 2929 608 2999 70,
624 2918 657 3006 2)
685 2929 716 2986 61
743 2919 881 2985 ‘ancillae
908 2941 967 2983 usu
995 2923 1065 2982 dato
1093 2921 1131 2981 ad

121 3017 285 3078 lanificium
313 3035 379 3076 eam
405 3035 466 3076 non
493 3016 575 3075 mitti
600 3033 655 3078 nec
683 3033 719 3074 ex
746 3015 844 3092 operis
867 3012 1034 3073 mercedem
1056 3010 1132 3088 6661,

122 3107 176 3166 661
195 3106 253 3168 sibi
271 3107 372 3166 lanam
390 3105 489 3165 facere
506 3104 571 3164 iure
591 3099 707 3181 cogerc’
728 3103 869 3164 statuisse
884 3095 934 3181 (D.
947 3104 975 3180 7,
986 3104 1015 3177 8,
1026 3102 1077 3178 12,
1088 3091 1130 3177 6).

121 3197 280 3272 praeterea
306 3196 343 3254 16
370 3193 408 3254 116
436 3193 523 3271 dixit,
551 3210 627 3270 quae
654 3196 742 3268 pater
768 3191 898 3251 familias
922 3209 958 3250 ex
979 3189 1039 3264 his,
1068 3190 1131 3266 qui-

122 3284 180 3342 bus
202 3284 267 3360 ipse
289 3283 336 3343 uti
359 3283 486 3358 solebat,
514 3283 602 3342 uxori
625 3281 795 3357 adsignavit
815 3280 860 3340 its
882 3283 918 3338 ut
939 3297 974 3338 66
996 3277 1132 3337 mulieris

121 3371 226 3433 usibus
262 3371 382 3448 proprie
419 3371 572 3432 adtributa
603 3369 665 3430 sint
701 3361 752 3540 (D.
777 3371 832 3443 32,
857 3362 926 3448 25),
972 3369 1008 3426 16
1039 3385 1131 3426 uxore

122 3463 286 3539 praegnata
317 3461 424 3520 relicta
456 3453 505 3542 (D.
526 3460 737 3537 5,1,28,5,
770 3458 806 3517 16
837 3456 925 3517 uxori
955 3456 1063 3536 legatis
1094 3457 1132 3515 iis

124 3548 228 3628 rebus,
251 3567 327 3626 quae
350 3550 415 3610 eius
438 3567 529 3609 causa
549 3550 673 3625 paratae
696 3547 757 3609 sint
779 3539 831 3629 (D.
847 3549 897 3625 32,
911 3539 978 3629 45),
1001 3547 1037 3607 16
1060 3564 1131 3607 usu·
