2512 3888
137 131 207 196 408
246 129 281 184 Il.
309 126 377 183 TIB.
397 126 473 182 GAII
499 123 1027 184 cescD.Nsa0N.rEMP.1Uals
1051 123 1156 182 CONS.

139 298 245 360 eadem
271 295 445 374 quaestione
472 296 551 356 inter
578 297 697 357 nostros
724 296 933 371 praeceptores
960 297 992 353 et
1017 292 1156 356 diversae

140 386 258 447 scholae
282 388 418 459 auctores
442 385 558 463 agitata
580 385 649 446 illos
671 385 848 464 argumento
866 382 914 442 uti
932 381 1045 443 Graeco
1063 387 1156 460 poeta

138 475 270 535 Homero
288 474 389 534 refert.
417 475 483 552 ipsa
500 493 572 535 vero
588 473 692 533 Sabini
709 473 808 534 aetate
823 471 1011 548 disputatum
1025 474 1072 532 cst
1086 490 1155 532 oum

140 564 177 624 de
197 563 328 624 Homero
350 566 418 623 tum
441 564 478 623 de
495 563 578 624 Mose
599 562 736 640 inprimis
755 559 955 621 Alexandriae
975 553 1156 641 (Mommsen

139 652 168 709 V
187 672 215 728 p.
236 655 299 714 517
319 673 347 713 n.
368 654 386 711 2
407 655 486 730 etp.
509 649 602 729 496),
629 651 741 712 Romae
769 649 849 726 apud
873 653 974 725 patres
1000 649 1036 708 de
1063 651 1157 710 sacris

139 741 301 821 Aegyptiis
314 740 504 819 Iudaicisque
518 740 664 817 pellendis
679 731 763 821 (Tac.
778 757 845 799 ann.
861 740 891 815 2,
901 733 957 816 85)
974 739 1064 814 atque
1079 736 1157 798 Gaio

139 830 274 908 principe
302 831 352 890 rel
379 830 416 890 de
444 830 567 890 Homeri
596 827 778 890 carminibus
806 827 961 887 abolendis
988 827 1158 906 cogitatum

141 914 279 1000 (Sueten.
293 937 317 979 c.
333 912 398 992 34).

230 1097 344 1157 Rerum
367 1096 500 1157 ordinem
523 1115 542 1156 a
564 1095 697 1155 Masurio
721 1095 754 1154 in
776 1093 852 1155 iuris
875 1094 972 1155 civilis
995 1093 1081 1154 libris
1105 1095 1158 1154 ob·

140 1190 296 1247 servatum
317 1188 479 1264 postquam
507 1185 565 1245 viri
595 1185 675 1245 docti
697 1185 758 1243 iam
780 1183 849 1243 inde
874 1202 892 1242 a
914 1182 1022 1242 Iacobo
1043 1181 1157 1243 Gotho-

140 1275 226 1335 fredo
254 1275 397 1353 indagare
420 1278 658 1350 temptaverunt,
686 1273 858 1349 nuperrime
886 1276 993 1350 argute
1019 1275 1051 1331 et
1074 1271 1158 1351 scite,

139 1368 177 1424 nt
213 1364 338 1441 assolet,
380 1361 414 1422 Ο.
446 1363 539 1423 Lenel
574 1361 732 1440 proposuit
768 1360 872 1421 libello
909 1354 981 1420 ‘Des
1013 1359 1158 1420 Sabinus·

141 1456 264 1532 system.
303 1451 479 1531 Strassburg
512 1446 618 1513 1892’.
642 1451 747 1516 abunc
778 1450 810 1509 in
837 1449 988 1526 plerisque
1022 1448 1159 1526 sequitur

141 1542 271 1602 Affolter
293 1541 371 1601 libro
394 1541 447 1617 qui
469 1541 642 1601 inscribitur
666 1535 739 1599 ‘Das
762 1538 908 1598 romische
931 1537 1158 1597 Institutionen·

143 1621 273 1709 System,
297 1630 360 1690 sein
378 1629 490 1690 Wesen
512 1630 573 1689 und
597 1629 676 1690 seine
701 1620 897 1688 Geschichte'.
945 1626 1047 1686 Berlin
1071 1627 1157 1687 1897

141 1740 173 1797 μ
197 1720 311 1796 ldsqq.

231 1807 397 1867 Masurium
415 1827 469 1884 per
487 1810 630 1884 quattuor
649 1805 750 1883 capita
771 1823 819 1865 res
838 1804 1042 1880 dispertirisse
1065 1804 1160 1864 Lenel

143 1898 164 1959 1.
193 1915 217 1957 c.
240 1916 269 1972 p.
295 1898 335 1957 93
356 1915 419 1974 sqq.
448 1896 562 1972 docuit,
589 1895 633 1954 ita
663 1899 699 1954 nt
727 1893 824 1971 primo
852 1893 951 1969 capite
975 1893 1012 1952 de
1040 1893 1159 1953 beredi-

145 1985 270 2060 tatibus,
289 1977 385 2044 altero
405 1985 441 2044 de
459 1984 601 2060 personis,
621 1983 711 2043 tertio
733 1983 769 2042 de
788 1981 1032 2060 obligationibus,
1051 1987 1160 2060 quarto

144 2073 307 2150 praecipue
331 2073 366 2132 de
389 2071 434 2131 rai
452 2071 651 2131 vindicatione
670 2075 701 2132 et
718 2071 755 2131 de
773 2071 862 2132 rebus
882 2070 1021 2133 rideatur
1039 2070 1163 2132 dinosa

144 2162 178 2221 in
205 2179 322 2220 summa
344 2159 467 2220 Lenelio
494 2159 717 2220 assentiendum
744 2163 792 2220 est
814 2161 944 2219 remita
966 2159 1159 2237 comprehen-

146 2247 230 2310 denti
252 2242 296 2328 (p.
316 2250 408 2326 104):
432 2241 603 2309 ‘Batrachte
626 2248 674 2308 ich
697 2247 751 2309 das
771 2249 890 2328 System
904 2291 912 2308 .
926 2295 933 2309 .
948 2295 954 2309 .
970 2249 1012 2308 im
1031 2247 1161 2329 (danaen,

146 2357 179 2398 so
208 2337 326 2398 scheint
354 2357 384 2397 es
412 2337 470 2397 mir
497 2339 554 2397 den
576 2336 730 2414 Vorwurf,
759 2337 815 2398 den
842 2338 906 2396 ihm
928 2336 1022 2416 Voigt
1040 2338 1160 2417 roaolt,

147 2427 212 2487 dass
236 2445 267 2486 es
291 2426 377 2486 einen
395 2426 588 2487 Rflckschritt
611 2446 706 2506 gagen
730 2427 783 2488 das
801 2427 1000 2487 Mucianisclre
1021 2425 1160 2504 bedente,

146 2517 179 2576 in
197 2515 302 2575 keiner
315 2515 417 2576 Weiss
435 2537 471 2580 zu
484 2516 653 2578 verdienen.
690 2515 901 2595 Begrdndeten
914 2516 1160 2593 Einwendungen

145 2605 314 2683 unterliegt
336 2625 366 2666 es
389 2625 455 2681 nur,
479 2625 565 2666 wenn
585 2605 725 2665 mandes
746 2605 874 2666 Sabinus
893 2603 985 2664 Werlr
1004 2604 1050 2666 als
1068 2604 1160 2664 Lehr-

145 2695 246 2756 mittel
268 2695 318 2754 fur
336 2696 490 2772 Aniltnger
512 2695 647 2756 auffal'et.
689 2693 773 2754 Sielrt
792 2713 863 2753 man
881 2693 978 2753 daron
996 2692 1043 2770 ab,
1067 2711 1100 2754 so
1118 2693 1162 2752 ist

146 2785 228 2844 scine
260 2784 447 2862 Anordnung
482 2784 524 2843 im
556 2783 675 2843 Ganzen
709 2801 769 2843 von
805 2781 961 2842 einfaohen
996 2781 1059 2842 und
1092 2800 1160 2842 ver-

145 2873 306 2952 sttndigen
334 2871 607 2948 Gesiohtspunlrten
638 2864 831 2931 beherrscht'.
882 2871 1030 2948 quomodo
1058 2874 1161 2930 autem

146 2963 247 3039 capita
269 2962 323 3022 illa
346 2980 399 3038 per
420 2961 514 3020 libros
532 2959 587 3035 IH,
611 2959 717 3036 quibus
735 2958 903 3020 Masurium
925 2977 974 3020 res
997 2959 1161 3036 explicasse

146 3052 275 3126 constat,
292 3049 490 3126 distribuerit,
504 3049 581 3107 hanc
595 3049 800 3125 quaestionem
813 3049 907 3109 Lenel
921 3048 1017 3109 obiter
1038 3050 1162 3108 tantum

144 3139 250 3217 tetigit
268 3133 302 3215 (l.
318 3157 342 3197 c.
361 3158 389 3213 p.
406 3138 446 3198 15
458 3137 523 3217 sq).
559 3137 688 3197 Affolter
705 3156 777 3199 vero
796 3138 816 3199 l.
830 3157 853 3198 c.
869 3157 898 3214 p.
913 3140 954 3198 32
965 3155 1028 3215 sqq.
1047 3138 1084 3198 de
1102 3138 1161 3197 hac

145 3247 178 3287 re
202 3245 281 3286 nera
303 3226 449 3302 quaedam
473 3226 569 3299 affert,
593 3227 643 3286 sed
666 3246 725 3287 non
748 3227 909 3303 probanda.
946 3227 1009 3302 ipse
1033 3246 1069 3286 ea
1091 3245 1160 3301 pro

147 3315 244 3375 feram
267 3333 342 3391 quae
366 3316 398 3374 et
419 3315 511 3373 rebus
532 3315 606 3390 ipsis
630 3319 662 3375 et
683 3318 820 3376 veterum
839 3314 1019 3376 testimoniis
1036 3314 1161 3390 probari

146 3399 243 3462 rideo.
298 3405 388 3478 atque
425 3402 521 3476 primo
559 3402 678 3480 quidem
714 3402 792 3462 libro
823 3404 973 3464 Masurius
1010 3405 1086 3463 dixit
1121 3403 1160 3463 de

146 3488 379 3566 hereditatibus,
411 3507 486 3568 quae
519 3491 566 3551 rel
599 3511 635 3550 ex
670 3495 851 3552 testamento
887 3493 936 3551 rel
972 3512 1008 3552 ex
1040 3493 1162 3569 legibus
