2508 3896
164 168 231 232 554
267 168 300 221 Il.
324 167 393 222 TlB.
417 166 494 222 GAII
516 165 645 223 OLAUD.
669 165 805 223 NERON.
830 165 936 224 ΤΕΜΡ.
957 166 1054 222 lunis
1073 167 1172 225 CONS.

452 326 497 380 Dc
514 327 725 382 manumissione
742 325 885 382 vindicta?

252 432 297 491 De
315 433 371 492 hec
389 431 620 492 manumissione
639 431 767 491 Sabinus
785 433 914 492 fortasse
932 433 988 492 hcc
1007 433 1073 492 loco
1092 433 1174 494 dixit.

163 542 191 581 v.
216 539 307 596 snpra
329 542 358 597 p.
373 522 446 581 481.

253 609 394 670 Vindicta
419 609 674 669 manumittuntur
697 609 776 669 servi
798 609 850 685 qui
872 610 905 668 iu
926 610 1008 670 iusta
1031 611 1173 670 servitute

164 702 247 774 sunt,
275 699 355 774 apud
381 699 593 777 magistratum
619 698 722 774 populi
747 698 886 775 Romani,
913 699 998 758 velut
1025 701 1173 758 consulem

164 791 371 863 praetoremve
394 789 443 848 vel
461 787 678 864 proconsulem.
713 785 861 863 Ulp.1,7.
898 788 946 847 lex
965 787 1056 847 Aelia
1074 787 1174 848 Sentis

163 869 305 936 ‘minores
327 877 453 955 triginta
476 895 623 936 annorum
645 893 746 936 servos
769 895 829 936 non
849 875 938 936 aliter
956 877 1055 936 voluit
1072 895 1171 938 menu-

157 966 271 1026 missos
296 965 375 1026 cives
399 965 548 1024 Romanos
570 964 647 1040 fieri,
675 983 764 1040 quam
787 964 813 1024 si
836 965 980 1043 vindicte,
1006 966 1087 1042 apud
1110 984 1172 1024 con-

165 1055 266 1114 silium
279 1055 360 1115 insta
374 1072 465 1113 causa
475 1053 715 1113 manumissionis
726 1053 900 1129 adprobata,
913 1054 1033 1114 liberati
1043 1047 1173 1114 fuerint'.

164 1141 229 1202 Gai.
241 1146 269 1216 1,
280 1145 328 1202 18.
352 1136 433 1202 <item
454 1143 557 1202 eadem
571 1143 638 1219 lege
652 1141 760 1200 minori
773 1140 883 1218 viginti
896 1160 1042 1202 annorum
1056 1143 1172 1203 dominc

163 1251 224 1291 non
251 1231 339 1291 aliter
365 1233 576 1291 manumittere
600 1231 801 1310 permittitur,
828 1251 918 1307 quam
940 1231 1073 1292 vindicta
1098 1231 1173 1307 apud

164 1321 321 1380 consilium
336 1320 418 1380 iusta
431 1338 522 1379 causa
535 1320 774 1378 manumissionis
789 1313 974 1396 adprobata’.
1008 1319 1073 1381 Gai.
1087 1323 1114 1398 1,
1125 1322 1171 1381 38.

164 1403 278 1468 ‘mutus
306 1411 337 1469 et
365 1409 473 1468 surdus
502 1427 622 1470 servum
644 1408 776 1468 vindicta
797 1408 925 1468 liberare
947 1428 1007 1470 non
1029 1402 1172 1487 possunt’

163 1498 247 1559 Paul.
267 1497 296 1557 S.
312 1501 341 1576 4,
358 1500 407 1575 12,
423 1501 451 1558 2.

383 1648 428 1704 De
445 1649 611 1715 confessoris
627 1655 653 1704 ct
669 1650 813 1718 negatoria
830 1648 957 1706 anione?

255 1749 290 1813 ἵ.
306 1755 331 1813 si
346 1755 478 1831 agetius
493 1755 551 1814 sibi
569 1772 634 1814 esse
652 1754 745 1814 fundo
763 1755 841 1814 forte
859 1755 908 1815 vel
928 1755 1053 1814 aedibus
1071 1755 1172 1815 utendi
1231 1819 1232 1826 ,

163 1844 284 1904 fruendi
306 1843 354 1904 vel
377 1863 431 1920 per
453 1844 580 1902 fundum
602 1843 693 1903 vicini
715 1845 804 1903 eundi
826 1844 934 1922 agendi
956 1845 1005 1904 vel
1028 1863 1065 1903 ex
1083 1843 1171 1903 fundo
1231 1841 1232 1846 ’

163 1933 255 1992 vicini
277 1952 387 2009 aquam
410 1932 543 2008 ducendi,
565 1932 598 1990 in
620 1952 684 1990 rem
707 1933 785 1992 ectio
808 1935 861 1993 eet.
900 1933 1033 1992 eiusdem
1056 1935 1172 2009 generis

164 2025 212 2080 est
240 2022 316 2081 ectio
345 2022 381 2080 de
408 2021 474 2080 iure
501 2021 692 2096 praediorum
714 2021 908 2101 urbanorum,
935 2022 1032 2081 veluti
1055 2022 1081 2080 si
1104 2023 1173 2100 agat

163 2109 211 2167 ius
235 2109 293 2168 sibi
316 2127 380 2168 cese
404 2109 494 2168 altius
518 2111 606 2168 aedes
630 2127 699 2169 suas
722 2110 849 2170 tollendi
870 2110 1108 2187 prospiciendire
1124 2110 1173 2170 vel

164 2197 328 2273 proiciendi
350 2196 466 2273 aliquid
488 2198 537 2257 vel
559 2198 741 2258 immittendi
763 2199 795 2258 in
817 2199 907 2259 sicini
929 2199 1026 2260 aedes.
1071 2201 1174 2259 contra

165 2304 282 2363 quoque
306 2286 343 2344 de
366 2287 526 2345 usufructu
548 2290 580 2345 et
602 2287 637 2346 de
661 2287 857 2348 servitutibus
874 2288 1064 2364 praediorum
1083 2289 1172 2348 rusti·

164 2394 279 2451 corum,
304 2375 377 2434 item
399 2374 590 2451 praediorum
611 2376 795 2436 urbanorum
817 2377 943 2437 invicem
965 2395 1084 2453 quoque
1107 2396 1173 2454 prc-
1230 2379 1231 2382 ’

165 2463 247 2524 ditae
278 2465 348 2523 sunt
375 2464 518 2541 actiones,
550 2468 585 2525 ut
612 2465 678 2541 quis
705 2465 842 2525 intendat
867 2464 915 2526 ius
942 2484 1002 2524 non
1029 2484 1097 2526 esse
1124 2466 1173 2524 ad·

163 2554 297 2613 versario
325 2552 430 2612 utendi
455 2553 585 2631 fruendi,
616 2555 704 2612 eundi
732 2554 841 2632 agendi
868 2572 1011 2630 equumve
1040 2554 1173 2627 ducendi,
1230 2619 1231 2634 ,

163 2641 237 2702 item
274 2643 363 2701 altius
399 2641 525 2702 tollendi
555 2642 754 2718 prospiciendi
785 2643 948 2720 proiciendi
978 2643 1173 2704 immittendi:
1229 2645 1231 2718 ἢ

163 2730 241 2790 istae
264 2750 380 2809 quoque
403 2731 534 2791 actiones
557 2732 590 2789 in
611 2750 675 2790 rem
698 2734 777 2810 sunt,
801 2734 851 2792 sed
874 2732 1041 2809 negativae.
1062 2724 1081 2793 ’.
1097 2778 1104 2792 .
1122 2729 1174 2792 sed
1229 2797 1230 2800 Ἴ

163 2819 240 2880 istae
269 2863 303 2880 ..
330 2819 474 2892 actiones,
503 2839 630 2896 quarum
656 2821 836 2880 mentionem
864 2821 1022 2880 habuimus
1051 2866 1111 2882 ...
1138 2839 1174 2879 ex
1229 2823 1230 2880 i

163 2908 306 2986 legitimis
330 2911 361 2968 et
384 2908 521 2968 civilibus
545 2908 642 2968 causis
665 2903 869 2970 descundunt.'
906 2909 930 2971 I.
944 2912 974 2988 4,
989 2913 1018 2986 6,
1035 2912 1063 2969 2.
1079 2912 1109 2971 3.
1229 2923 1230 2980 3

505 3067 622 3124 Fiuium
639 3070 831 3139 regnandorum.

253 3168 385 3234 ‘Finium
413 3175 613 3254 regundorum
641 3175 720 3235 actio
818 3194 873 3252 pro
900 3174 1104 3236 vindicatione
1129 3175 1174 3235 rei

164 3256 232 3320 est’
269 3261 304 3321 D.
323 3265 372 3336 10,
389 3266 450 3342 1,1
474 3263 596 3323 Paulus.
641 3259 872 3324 ‘adiudicaticne
900 3264 1031 3324 dominia
1059 3266 1172 3326 nansia

163 3349 260 3407 cimur
356 3369 410 3426 per
441 3352 602 3410 formulam
633 3353 738 3412 finium
770 3353 985 3430 regundorum,
1018 3373 1095 3430 quae
1127 3356 1174 3413 est

166 3435 246 3494 inter
268 3431 399 3496 vicinos?
436 3439 505 3514 Ulp.
524 3440 559 3499 fr.
582 3442 698 3516 1e,16.

254 3522 397 3583 Sabinum
415 3525 451 3584 de
470 3527 526 3586 hac
540 3528 656 3586 actione
670 3528 778 3588 dixisse
793 3529 867 3590 satis
880 3530 994 3591 iudicat
1006 3530 1042 3590 D.
1054 3532 1170 3610 10,1,5
