2506 3880
400 168 424 216 7.
447 161 483 219 Μ.
502 159 692 218 ANTISTIUS
711 161 829 218 LABEO
1074 166 1117 230 99

108 325 340 390 vestimentum
360 324 494 390 scissum
512 323 666 390 reddatur
683 326 736 390 vel
754 348 805 390 res
825 330 974 412 corrupta
992 329 1117 394 reddita

111 415 163 498 sit,
187 413 290 478 veluti
309 413 421 497 scyphi
440 408 545 479 collisi
565 417 621 478 aut
639 413 753 478 tabula
770 436 844 480 rasa
862 417 996 500 pictura,
1014 418 1116 483 videri

107 525 178 567 rem
201 500 348 584 ‘abesse'‚
377 502 528 586 quoniam
557 524 667 567 earum
696 525 802 567 rerum
830 505 968 588 pretium
991 529 1057 572 non
1081 508 1115 570 in

108 590 309 673 substantia,
332 591 444 655 sedin
468 597 538 656 arte
562 593 605 656 sit
627 592 781 677 positum.

453 765 500 824 Dc
516 743 768 838 procurarentur.

200 876 249 940 19.
269 873 308 940 D.
319 873 349 958 3,
359 874 388 952 3,
398 874 440 940 33
451 896 498 958 pr.
534 874 694 958 Ulpianus
709 875 793 940 libro
811 896 898 940 nono
918 876 959 942 ad
978 877 1116 943 edictum
1142 948 1146 958 .

105 961 155 1051 (P.
176 960 267 1050 322).
295 999 337 1008 -
366 961 499 1027 Servum
531 985 657 1048 quoque
686 968 718 1029 et
746 963 850 1029 filium
877 965 1018 1029 familias
1045 989 1116 1049 pro·

105 1057 291 1118 curatorem
317 1073 413 1135 posse
440 1051 563 1124 habere¹
588 1053 679 1117 aiunt
778 1055 810 1117 et
835 1054 965 1137 negotia
987 1053 1117 1136 quidem

104 1141 282 1226 peculiaria
319 1141 404 1204 servi
439 1161 534 1223 posse
569 1161 679 1224 gerere
712 1142 850 1226 aliquem
883 1147 916 1207 et
946 1143 1008 1208 hoc
1040 1165 1115 1208 casu

104 1233 351 1382 prpcpramrem
379 1229 446 1294 eius
475 1249 544 1292 esse
569 1229 782 1314 admittimus,
810 1230 895 1315 quod
918 1235 951 1295 et
972 1231 1124 1308 Labeoni¹

104 1341 138 1384 vr
161 1341 242 1383 eur.

253 1429 300 1488 Dc
321 1429 506 1502 defendendo.
518 1445 549 1488 co
572 1431 790 1490 coruscamine
813 1434 877 1504 quc's
899 1435 970 1504 aper.

196 1539 249 1603 20.
278 1537 316 1604 D.
335 1538 365 1622 3,
383 1539 413 1623 3,
431 1538 474 1602 43
503 1540 523 1618 ἓ
548 1540 576 1604 6.
603 1538 648 1604 45
693 1562 717 1604 r.
769 1538 860 1609 Idem
893 1537 951 1627 (sc.
979 1540 1114 1628 Paulus)
1218 1603 1227 1633 a

103 1629 192 1694 libro
214 1647 300 1692 nono
324 1627 364 1690 cd
387 1627 525 1692 edictum
549 1625 597 1714 (P.
614 1563 701 1714 185).
720 1665 762 1675 -
781 1626 1035 1714 <Cognitorem)
1059 1633 1114 1715 qui

102 1739 172 1782 non
202 1716 329 1801 cogitur
351 1714 518 1782 defendere
542 1718 725 1800 absentem,
754 1721 864 1782 tamen
888 1719 916 1782 si
937 1718 1114 1783 iudicatum

104 1805 190 1871 solvi
213 1803 381 1870 satiededit
404 1803 596 1871 defendendi
619 1805 764 1871 absentis
787 1807 908 1891 gratia,
936 1807 1114 1891 cogendum

103 1892 265 1979 <quasi2>
278 1897 520 1977 procuratorem
539 1894 692 1959 iudicium
709 1895 863 1979 accipere,
880 1917 921 1958 ne
935 1894 1115 1980 decipiatur

103 1983 134 2048 is
154 1983 210 2066 qui
230 1983 309 2046 satis
329 1982 465 2065 accepit:
483 2004 560 2046 nam
576 2004 639 2061 eos,
658 1983 791 2068 quinon
807 1988 966 2069 coguntur
980 2006 1048 2048 rem
1064 1985 1114 2048 de·

106 2071 250 2153 tendere,
267 2076 343 2154 post
362 2069 605 2135 satisdationem
625 2071 707 2157 cogi.
739 2072 847 2138 Labeo
867 2095 962 2138 causa
981 2075 1115 2159 cognita

69 2187 72 2193 ¹
102 2159 358 2244 temperandum,
382 2163 414 2224 et
436 2159 461 2223 si
482 2160 588 2242 captio
608 2161 725 2225 actoris
745 2162 788 2226 sit
805 2164 940 2247 propter
957 2163 1113 2246 temporis

103 2253 259 2330 tractum,
292 2247 444 2318 iudicium
476 2269 548 2314 eum
577 2249 719 2332 accipere
749 2251 940 2336 cogendum:
973 2252 1057 2335 quod
1085 2253 1114 2316 si

103 2341 163 2402 aut
181 2337 332 2401 adfinitas
344 2336 513 2422 dirempta
532 2337 575 2402 sit
596 2341 652 2403 aut
670 2337 856 2403 inimicitiae
875 2339 1114 2404 intercesserint

104 2429 165 2490 aut
183 2426 268 2491 bona
287 2426 429 2490 absentis
448 2426 606 2511 possideri
625 2427 798 2511 coeperint,
818 2425 823 2513 Ι
843 2447 908 2492 non
926 2428 1113 2513 cogendum.

460 2609 507 2667 Dc
528 2610 647 2682 accolito
666 2610 761 2682 qestc'a

193 2718 245 2782 21.
274 2716 312 2781 Ι).
327 2717 358 2802 3,
372 2716 401 2801 5,
416 2717 445 2800 3,
460 2716 489 2782 5.
534 2715 692 2801 Ulpianus
720 2717 804 2782 libro
832 2715 954 2782 decimo
982 2717 1022 2781 ad
1050 2717 1114 2782 edi·

103 2808 192 2870 ctum
217 2805 267 2892 (P.
282 2806 371 2890 347).
395 2843 434 2852 —
460 2854 511 2870 ...
531 2806 671 2871 curatori
690 2857 696 2871 .
713 2855 741 2871 ..
760 2804 876 2871 furiosi
897 2805 948 2870 rel
973 2805 1114 2870 furiosae

104 2893 261 2959 adversus
285 2916 358 2958 eum
382 2916 492 2959 eamve
515 2894 653 2960 dandam
677 2896 837 2961 actionem
860 2894 968 2960 Labeo
992 2896 1047 2960 ait.

194 2983 245 3048 22.
268 2981 308 3047 D.
322 2984 352 3067 3,
367 2981 397 3068 5,
412 2984 441 3066 3,
456 2983 485 3048 9.
529 2983 691 3069 Ulpianus
719 2985 803 3050 libro
831 2984 954 3050 decimo
983 2984 1022 3048 ad
1051 2981 1113 3048 edi·

101 3074 193 3136 ctum
217 3067 268 3158 (P.
286 3070 376 3158 348).
399 3108 442 3119 -
463 3070 630 3137 Interdum
658 3073 693 3136 in
719 3074 923 3159 negotiorum
947 3076 1113 3157 gestorum

101 3160 232 3224 actione
252 3158 362 3226 Labeo
387 3161 498 3226 scribit
521 3161 631 3225 dolum
656 3160 857 3226 solummodo
880 3159 1015 3227 versari:
1038 3183 1113 3224 nam

101 3249 131 3313 si
147 3247 315 3315 affectione
330 3253 470 3332 coactus,
488 3271 528 3313 ne
543 3249 629 3314 bona
642 3271 713 3314 mea
727 3248 955 3332 distrabantur,
973 3249 1113 3333 negotiis

101 3343 136 3402 te
164 3337 241 3401 meis
265 3338 435 3423 optuleris,
464 3338 695 3423 aequissimum
722 3359 790 3402 esse
813 3337 921 3403 dolum
944 3336 1113 3404 dumtaxat

100 3429 135 3490 te
161 3431 338 3508 praestare.

197 3515 248 3580 23.
271 3515 309 3581 D.
324 3516 356 3600 3,
369 3515 400 3601 5,
414 3513 444 3598 5,
458 3513 487 3579 5.
519 3514 610 3579 ldem
624 3509 812 3601 (Ulpianus)
827 3513 910 3579 libro
930 3513 1053 3580 decimo
1073 3513 1113 3578 ad

865 3616 898 3669 ⁷⁸
