2568 3890
415 194 438 244 Ἰ.
463 189 502 243 Μ.
518 187 710 245 ANTISTIUS
728 191 846 246 LABEO
914 193 915 198 ’
1070 190 1136 254 239

123 354 177 418 rel
204 374 243 418 ex
271 353 342 416 loco
372 374 463 417 sacro
492 374 549 436 per
572 351 706 416 fundum
729 353 828 417 vicini
851 353 1024 419 descendat
1045 355 1137 439 isque

124 463 222 526 opere
258 441 345 506 facto
380 442 414 505 in
447 463 555 504 meum
587 440 720 505 fundum
754 463 825 505 eam
858 447 998 525 avertat,
1035 465 1137 528 aquae

123 531 254 616 pluviae
277 530 434 594 arcendae
457 530 561 593 teneri
585 551 658 594 eum
682 529 791 594 Labeo
815 530 870 594 ait.

214 619 265 685 87.
288 619 329 683 D.
339 619 391 701 39,
406 619 437 698 3,
452 620 481 701 3,
496 620 526 684 3.
563 617 723 701 Ulpianus
741 618 825 684 libro
846 620 1135 705 quinquagensimo

122 709 223 775 tertio
243 707 282 772 ad
303 707 387 772 edict
374 712 442 772 tum
463 707 509 790 (P.
526 705 710 790 1286⁵)-
732 705 815 773 Si..
831 708 890 773 .in
909 710 1035 796 privato
1055 732 1136 794 opus

123 798 247 863 iactum
271 797 315 860 sit
338 800 371 860 et
392 796 592 880 publicum
582 797 787 880 interveniat,
811 796 943 862 dettoto
967 800 1020 881 agi
1039 820 1134 882 posse

124 908 227 972 aquae
250 886 379 970 pluviae
403 885 558 950 arcendae
582 884 691 950 Labeo
716 887 771 950 ait

214 974 264 1040 88.
298 973 407 1057 D.39,
427 975 447 1039 3
449 977 553 1059 ,4pr.
599 974 802 1057 Ulpianusl.
827 996 852 1038 c.
875 971 923 1061 (P.
944 971 1133 1060 lamb).-

149 1063 316 1129 ..Labeo
348 1025 476 1148 scribit,
509 1065 537 1127 si
569 1064 640 1148 quis
673 1063 877 1166 sepulchrum
912 1063 1137 1147 aedificaverit,

124 1174 163 1218 ex
200 1174 262 1237 quc
300 1173 384 1236 aqua
417 1156 546 1230 noceat,
583 1153 711 1217 etiamsi
744 1152 851 1236 operis
885 1152 1033 1217 dominus
1066 1173 1136 1216 esse

124 1242 256 1307 desierit
283 1241 355 1306 loco
383 1240 469 1306 facto
493 1241 661 1326 religioso,
691 1245 836 1306 attamen
934 1241 1136 1326 probandum

124 1335 187 1414 cst,
215 1330 334 1415 inquit,
362 1351 464 1413 aquae
493 1330 621 1415 pluviae
649 1331 806 1396 arcendae
834 1353 906 1394 eum
930 1331 1046 1414 teneri3
1074 1330 1137 1393 fuit

13 1441 14 1482 1
125 1420 210 1485 enim
239 1420 400 1502 dominus,
428 1441 500 1484 cnm
529 1441 610 1502 opus
637 1419 773 1504 faceret,
801 1423 834 1483 et
857 1420 885 1483 si
907 1419 998 1484 iussu
1020 1419 1136 1483 iudicis

124 1509 308 1611 compulsus
333 1529 414 1591 opus
437 1508 625 1593 restituerit,
654 1530 721 1573 non
745 1530 814 1574 esse
839 1507 1000 1592 sepulchri
1023 1509 1137 1572 violati

124 1602 336 1752 amilio.
355 1686 407 1766 aa,
426 1687 457 1764 a,
477 1687 505 1764 1,
524 1688 576 1750 21.
622 1685 782 1770 Ulpianus
801 1687 821 1750 1.
841 1708 866 1750 ο.
889 1685 937 1771 (P.
958 1683 1069 1772 1285).
1096 1723 1134 1734 -

124 1773 215 1840 Sicut
239 1825 246 1839 .
266 1825 272 1840 .
293 1828 299 1840 .
324 1797 406 1857 opus
433 1774 570 1858 factum,
596 1781 633 1838 ut
660 1797 744 1859 aqua
771 1777 881 1860 pluvia
910 1774 990 1838 mihi
1012 1779 1136 1864 noceat,

123 1864 158 1928 in
180 1864 265 1928 hanc
288 1864 447 1927 actionem
472 1864 569 1949 venit,
594 1864 639 1927 ita
662 1886 719 1947 per
742 1865 940 1930 contrarium
963 1864 1136 1949 quaeritur,

123 1975 166 2017 an
183 1956 296 2036 posset
315 1972 417 2036 aquae
440 1952 568 2036 pluviae
592 1954 747 2017 arcendae
770 1975 812 2038 ag
792 1955 833 2036 ⁰,i
857 1955 885 2018 si
907 1953 1031 2018 vicinus
1056 1975 1135 2037 opus

11 2049 12 2132 }
123 2041 250 2118 fecerit,
277 2062 318 2104 ne
347 2061 443 2123 aqua,
472 2062 552 2143 quae
580 2041 725 2126 alioquin
758 2043 928 2108 decurrens
956 2062 1035 2126 agro
1064 2064 1135 2107 meo

11 2155 12 2168 ¹
124 2089 290 2230 proderat,
318 2129 393 2194 huic
415 2130 527 2214 prosit.
505 2129 718 2195 tOfilius'
703 2132 770 2216 rgit
772 2155 811 2195 ur
834 2136 866 2195 et
888 2131 996 2196 Labeo
1017 2137 1078 2216 put
1064 2135 1137 2196 tant

125 2218 178 2301 agi
211 2238 276 2281 non
308 2239 416 2302 posse,
448 2220 575 2283 etiamsi
606 2219 737 2284 intersit
764 2242 836 2284 mea
864 2222 904 2284 ad
936 2243 987 2284 me
1018 2241 1136 2304 aquam

123 2307 306 2391 pervenire3
328 2307 411 2371 hanc
435 2309 520 2371 enim
544 2309 703 2372 actionem
727 2309 832 2374 locum
852 2309 981 2393 habere,
1005 2309 1033 2373 si
1052 2331 1136 2395 aqua

123 2393 236 2479 pluvia
257 2398 384 2478 noceat,
407 2417 474 2460 non
499 2397 526 2460 si
549 2419 614 2462 non
637 2399 750 2480 prosit.

213 2483 265 2547 90.
297 2482 337 2547 D.
356 2445 431 2549 ibid
451 2485 541 2564 §aa
564 2521 607 2531 -
685 2485 745 2549 .si
772 2485 897 2549 vicinus
930 2507 1011 2569 opus
1039 2486 1136 2551 tollat

125 2576 157 2637 et
184 2571 314 2637 sublato
296 2593 380 2637 oeo
409 2595 492 2657 aqua
519 2533 712 2637 naturaliter
740 2572 780 2636 ad
807 2572 992 2636 inferiorem
1021 2594 1134 2657 agrum

123 2662 315 2746 perveniens
352 2665 481 2740 noceat,
522 2660 631 2727 Labeo
669 2662 833 2726 existimat
869 2682 971 2744 aquae
1006 2662 1135 2745 pluviae
1268 2691 1269 2694 ¹

125 2751 283 2816 arcendae
311 2750 365 2835 agi
387 2772 452 2815 non
476 2771 586 2836 posse;
615 2772 741 2835 semper
764 2751 848 2814 enim
871 2750 956 2814 banc
980 2771 1050 2813 esse
1074 2771 1136 2814 ser·

124 2840 260 2904 vitutem
283 2839 473 2904 inferiorum
495 2840 709 2925 praediorum,
732 2843 769 2904 ut
787 2845 904 2904 natura
923 2838 1135 2924 profluentem

126 2949 244 3012 aquam
268 2928 438 3012 excipiant.
484 2930 582 3013 plane
606 2930 633 2994 si
655 2934 789 3016 propter
812 2929 845 2993 id
868 2935 950 3013 opus'
973 2928 1136 2991 sublatum

124 3017 345 3083 vehementior
391 3040 474 3103 aqua
520 3017 660 3102 profluat
706 3021 756 3084 vel
798 3019 988 3100 corrivatur,
1028 3016 1135 3100 ¹aquae

123 3107 252 3190 pluviae
281 3107 437 3172 arcendae
461 3108 587 3173 actione
611 3109 665 3195 agi
688 3130 784 3194 posse
809 3109 905 3173 etiam
928 3106 1037 3171 Labeo
1061 3127 1135 3169 con·
1231 3149 1233 3153 ψ

122 3195 241 3261 fitetur.

213 3285 266 3349 91.
303 3285 343 3349 D.
363 3285 440 3350 ibid.
460 3287 546 3366 523.
575 3322 617 3332 -
645 3284 792 3369 Denique
821 3286 868 3350 ait
895 3283 1134 3349 condicionibus

124 3393 278 3458 agrorum
302 3373 457 3458 quasdam
480 3375 568 3459 leges
591 3395 662 3440 esse
686 3375 802 3459 dictas,
830 3378 879 3457 ut,
908 3374 1024 3458 quibus
1048 3373 1134 3458 agris

124 3483 245 3547 magna
269 3462 334 3526 sint
357 3463 502 3546 flumina,
525 3464 622 3528 liceat
644 3463 738 3546 mibi,
762 3464 886 3528 scilieet
908 3465 941 3527 in
966 3484 1044 3548 agro
1068 3466 1135 3546 tuo,

124 3571 259 3636 aggeres
283 3551 335 3615 vel
358 3549 464 3616 fossas
486 3551 618 3638 habere3
642 3551 670 3616 si
693 3556 803 3618 tamen
827 3553 879 3617 lex
902 3573 969 3617 non
993 3554 1036 3617 sit
1055 3571 1134 3636 agro
