2508 3896
395 159 420 208 2.
447 151 630 207 MASURIUS
650 151 802 208 SABINUS
1037 151 1103 217 513

91 321 212 396 tulerit,
235 321 310 380 furti
333 319 490 398 obligatur,
515 320 611 380 veluti
634 321 660 380 si
683 320 750 396 quis
774 324 932 398 argentum
955 321 1101 381 utendum

90 409 250 487 acceperit,
267 409 355 485 quasi
373 409 482 468 amicos
502 408 540 468 ad
558 427 658 468 cenam
676 409 868 485 invitaturus,
888 413 918 469 et
931 410 962 469 id
975 429 1100 488 peregre

90 517 195 559 secum
217 498 331 572 tulerit,
353 500 407 557 aut
429 499 454 557 si
478 497 543 575 quis
566 517 675 576 equum
697 497 835 574 gestandi
854 487 1099 576 gratia'commo·

90 588 198 647 datum
227 586 345 664 longius
373 587 473 663 aliquo
501 586 633 660 duxerit,
665 587 744 664 quod
770 589 887 646 veteres
915 587 1100 664 scripserunt

91 678 129 736 de
161 695 196 736 eo
229 676 281 753 qui
312 676 343 734 in
374 676 468 734 aciem
499 669 707 751 perduxisset?
757 668 920 736 ‘interdum
947 721 980 736 ..
1009 677 1100 737 etiam

92 765 256 826 liberorum
282 764 436 824 hominum
464 765 579 824 furtum
602 763 649 842 fit,
677 763 773 824 veluti
798 765 824 824 si
847 763 913 841 quis
936 764 1099 824 liberorum

91 857 264 914 nostrorum
291 853 343 930 qui
369 853 401 911 in
421 854 572 928 potestate
594 856 699 912 nostra
726 853 798 929 sint,
826 852 888 912 sive
911 853 1003 912 etiam
1025 874 1100 914 uxor

90 961 170 1020 quae
193 943 225 1001 in
248 960 339 1001 manu
361 945 465 1000 nostra
487 941 535 1015 sit,
560 941 622 1002 sive
645 943 736 1000 etiam
758 941 908 1001 iudicatus
932 941 980 1002 vel
997 944 1100 1002 aucto-

90 1034 178 1092 ratus
205 1048 290 1090 meus
318 1030 476 1105 subreptus
503 1030 604 1091 fuerit.
652 1030 812 1107 aliquando
840 1030 930 1089 etiam
958 1049 1029 1090 suae
1056 1032 1100 1090 rei

90 1121 220 1197 quisque
252 1121 367 1178 furtum
398 1118 572 1195 committit,
601 1118 696 1179 veluti
723 1118 749 1178 si
777 1118 894 1178 debitor
919 1137 983 1178 rem
1010 1138 1099 1196 quam

88 1208 233 1268 creditori
263 1206 382 1284 pignori
414 1207 510 1284 dedit,
541 1207 736 1284 subtraxerit,
768 1209 817 1268 vel
849 1208 875 1266 si
906 1208 1002 1267 bonae
1030 1206 1100 1267 fidei

92 1296 258 1373 possessori
276 1315 340 1355 rem
358 1313 453 1354 meam
471 1295 636 1372 possidenti
654 1296 861 1372 subripuerim.
893 1296 972 1355 unde
986 1297 1101 1373 placuit

90 1406 162 1444 cum
190 1386 242 1462 qui
269 1403 388 1442 servum
416 1402 503 1443 suum
531 1403 619 1460 quern
641 1384 719 1444 alius
742 1384 819 1444 bona
841 1385 898 1444 fide
920 1385 1100 1464 possidebat,

89 1475 131 1533 ad
154 1493 185 1534 se
209 1491 362 1533 reversum
386 1471 534 1548 celaverit,
558 1473 673 1532 furtum
696 1474 890 1534 committere.
934 1493 1040 1534 rursus
1063 1494 1099 1533 ex

92 1563 210 1623 diverso
240 1561 391 1620 interdum
418 1561 531 1620 alienas
554 1579 601 1619 res
626 1579 769 1637 occupare
794 1609 799 1622 .
820 1609 826 1621 .
849 1581 1021 1622 concessum
1044 1565 1098 1640 est,

90 1669 146 1710 nec
170 1650 300 1710 creditur
322 1651 438 1709 furtum
461 1649 539 1726 fieri,
564 1649 659 1709 veluti
681 1667 729 1709 res
751 1650 948 1711 hereditarias
972 1670 1100 1728 quarum

90 1739 178 1800 heres
200 1758 260 1798 non
283 1741 330 1798 est
351 1744 457 1798 nactus
480 1738 704 1814 possessionem,
725 1738 785 1797 nisi
806 1740 990 1799 necessarius
1013 1741 1099 1800 bores

88 1831 220 1889 extet..
261 1828 335 1887 item
358 1826 475 1886 debitor
497 1846 560 1885 rem
584 1845 674 1902 quam
696 1827 822 1886 fiduciae
846 1846 936 1887 causa
959 1829 1100 1888 creditori

91 1917 306 1994 mancipaverit
328 1916 412 1976 aut
403 1935 435 1974 1n
457 1914 521 1973 iure
540 1915 671 1993 cesserit,
735 1915 824 1976 ,sine
848 1916 928 1975 furto
946 1919 1098 1993 possidere

89 2025 191 2083 ..po
193 2001 273 2084 t'est,
305 2005 419 2064 scilicet
451 1997 562 2063 soluta
592 1961 738 2080 peclinia'.
794 2003 858 2064 Gai.
883 2007 1097 2080 1191196.

89 2053 276 2156 ies-201.
300 2097 329 2170 2,
345 2096 394 2155 60.
962 2170 966 2176 ,

179 2184 262 2242 Inter
288 2188 405 2245 veteres
431 2182 500 2241 illos
526 2201 600 2259 quos
625 2182 660 2241 de
684 2201 759 2260 equo
782 2183 814 2241 in
837 2183 931 2243 aciem
953 2184 1097 2260 perducto

88 2272 248 2348 scripsisse
276 2271 368 2332 Gaius
400 2270 505 2348 tradit,
538 2271 666 2330 Sabinus
697 2273 824 2332 fortasse
856 2273 1010 2332 habendus
1043 2278 1096 2332 est.

182 2391 253 2455 113.
285 2388 578 2469 Ge11.11‚18,20.
606 2425 651 2436 -
678 2389 787 2455 Verba
814 2394 891 2456 sunt
919 2389 1032 2455 Sabini
1059 2415 1098 2456 ex
1195 2431 1197 2443 ·

88 2481 175 2545 libro
197 2479 276 2542 iuris
300 2477 402 2541 civilis
426 2472 585 2540 1111111111Ι
603 2478 664 2555 Qut
685 2478 820 2542 1111111111
838 2500 903 2542 rem
921 2482 1097 2559 attrectavit,

84 2587 160 2635 cum
186 2567 222 2631 td
246 2586 277 2630 sc
302 2566 398 2629 inette
424 2565 546 2628 domino
571 2564 672 2644 facere
699 2567 834 2632 iudicare
860 2567 986 2651 deberet,
1016 2569 1097 2648 furti

86 2661 215 2723 tenetur.

181 2744 254 2809 114.
276 2741 316 2807 D
326 2742 378 2821 tt
388 2741 418 2824 2,
427 2740 480 2820 43
490 2739 519 2804 5
547 2739 704 2822 Ulpianus
724 2741 807 2806 libro
826 2743 1096 2844 quadragensimo

88 2835 194 2920 primo
220 2833 260 2896 ad
283 2790 438 2895 Sabiriuin
461 2825 510 2915 (P.
528 2828 705 2914 2870).-
728 2828 867 2906 Quod
842 2853 869 2895 s1
892 2833 1040 2896 dominus
1063 2833 1095 2896 id

87 2858 218 3010 (qu1d‘t)
229 2918 407 3004 dereliquit
420 2918 956 3005 1111111111111111111,11111111181
967 2920 1096 2986 furandi

90 3012 235 3076 animum
266 3009 463 3074 habuere..
477 3008 625 3092 .quippe
657 3029 729 3072 oum
761 3010 890 3092 placeat
918 3008 1030 3074 Sabini
1063 3013 1095 3075 et

91 3099 198 3168 Oassii
230 3104 301 3164 sent
287 3098 389 3162 tentia
420 3095 674 3160 existimantium
706 3097 815 3161 statim
848 3101 994 3162 nostram
1026 3119 1096 3164 1111

85 3187 233 3254 desinere
256 3209 336 3266 rem,
360 3207 455 3270 quem
479 3184 740 3268 derelinquimus.

178 3309 260 3367 Num
276 3309 352 3368 hanc
366 3305 544 3366 sententiam
557 3305 612 3364 boc
626 3304 691 3364 loco
706 3304 832 3368 Sabinus
845 3309 1015 3386 protulerit,
1034 3327 1094 3368 non

83 3400 216 3460 constat.

181 3507 252 3572 115.
277 3507 314 3571 D.
331 3508 380 3589 13,
396 3508 425 3592 7,
438 3507 480 3572 36
490 3528 535 3590 pr.
572 3503 730 3590 Ulpianus
755 3507 839 3572 libro
863 3507 1030 3574 undecimo
1054 3510 1095 3574 ad

143 3620 594 3670 11111111.11111111111·.11111131111111.
616 3620 647 3662 11.
849 3616 882 3666 33
