2506 3880
12 2607 14 2762 t

374 158 399 208 7.
421 151 459 208 M.
478 152 668 210 ANTISTIUS
686 154 805 212 LABEO
1029 158 1091 223 157

90 316 265 398 possideres,
294 314 431 396 frodmm
457 336 532 380 ooo·
545 317 678 400 coepisti,
709 317 790 383 omo
816 320 882 386 eius
906 320 1001 402 fomdi
1025 320 1092 402 fro·

91 410 187 470 otoom
209 403 334 469 momine
357 407 384 468 te
406 404 480 468 dore
502 409 622 488 oportet.

173 493 225 558 27.
250 490 287 555 D.
306 490 492 576 49,15,28.
538 491 645 559 Labeo
674 495 758 560 libro
787 500 901 578 quarto
931 496 1094 564 Pithonon

90 604 108 646 a
131 580 233 645 Paulo
267 580 525 665 epitomatorum.
556 618 594 628 -
624 580 662 649 so·
692 584 769 666 pmid
794 584 868 650 bello
895 591 1017 670 coptum
1044 585 1096 670 <et

90 678 235 736 omissum
261 669 336 735 tello
362 671 532 754 receptum>
559 675 615 755 est,
642 673 677 736 im
698 674 822 755 praedo
848 679 903 754 est,
930 695 993 740 ooo
1009 681 1093 758 post·

89 760 205 824 imoimio
227 759 314 824 redit

420 870 466 929 De
483 887 581 944 pomo
603 871 631 929 et
651 872 752 930 mutto.

173 990 225 1055 28.
249 988 288 1052 D.
308 989 360 1071 50,
376 988 427 1073 16,
440 987 514 1052 244.
554 987 662 1054 Labeo
685 989 768 1055 libro
792 993 908 1074 quarto
931 990 1094 1057 Pithanon

89 1076 225 1142 oPaulo
249 1077 509 1161 epitomatorum.
531 1113 569 1124 -
590 1076 628 1143 Si
649 1099 712 1161 poa
723 1099 827 1161 pomo
845 1085 895 1162 est,
918 1080 1017 1145 mrito
1035 1086 1093 1159 ost,·

87 1167 195 1250 sipoa
218 1166 318 1231 motta
339 1170 394 1248 est,
412 1185 513 1247 poeno
535 1172 585 1231 est.

507 1419 615 1478 Liber
638 1419 673 1480 V.

507 1544 554 1602 Do
576 1545 672 1603 tritomo

172 1662 226 1727 29.
244 1658 284 1726 D.
299 1661 351 1742 26,
366 1661 395 1744 8,
409 1661 462 1726 22.
498 1660 606 1726 Labeo
624 1662 708 1727 libro
727 1663 841 1747 quinto
860 1662 1031 1730 Pithanon.
1052 1701 1090 1712 -

84 1749 120 1818 Si
145 1751 224 1833 prid
249 1755 304 1834 est,
332 1751 413 1832 qood
432 1749 576 1835 pupiltos
603 1753 718 1834 opemdo
747 1757 877 1817 tortorem
902 1773 994 1818 soom
1022 1752 1093 1819 iibe-

84 1843 212 1906 ratoros
239 1844 295 1922 est,
322 1839 358 1904 id
382 1840 449 1920 ipso
473 1843 569 1904 tortore
591 1843 712 1905 ometore
734 1842 788 1925 opi
809 1847 886 1907 reete
907 1863 971 1907 mom
986 1846 1093 1926 potest

459 2039 507 2098 De
527 2042 713 2114 msmoopoome.

172 2158 226 2223 30.
248 2156 290 2222 D.
305 2156 358 2240 41,
373 2157 402 2242 3,
416 2156 469 2222 49.
514 2155 623 2224 Labeo
646 2159 730 2225 libro
754 2161 866 2245 quinto
889 2159 1051 2226 Pithanon
1075 2183 1094 2226 a

83 2246 187 2312 Paulo
225 2246 484 2330 epitomatorum.
520 2284 557 2294 —
593 2245 631 2313 st
661 2250 739 2331 poid
769 2255 813 2315 est
843 2250 1029 2336 sobrepmm,
1061 2252 1097 2316 id

81 2336 215 2419 percepi
237 2355 299 2400 mom
317 2339 427 2418 potest,
453 2341 616 2418 antequam
639 2339 674 2402 io
696 2339 814 2403 dommi
831 2344 1009 2421 potestatem
1028 2360 1096 2422 per·

79 2426 204 2490 venerit.

327 2534 374 2595 De
396 2537 570 2596 troiooto'oo'oe
586 2538 730 2609 pemmioe
745 2553 851 2608 pomo.

174 2653 227 2720 31.
250 2652 289 2718 D.
309 2653 361 2737 22,
374 2655 405 2737 2,
420 2654 449 2718 9.
495 2652 602 2718 Labeo
632 2653 716 2718 libro
744 2653 858 2737 quinio
886 2652 1047 2717 Pithanon
1075 2679 1095 2720 a

81 2739 188 2808 Paulo
212 2743 469 2826 epitomatorum.
494 2779 535 2789 -
558 2739 596 2808 so·
618 2741 802 2808 troo'edieo‘oe
817 2741 968 2824 peoom'm
984 2761 1095 2824 poema,

80 2833 130 2897 oti
153 2832 240 2914 solet,
263 2833 420 2913 promisso
441 2836 497 2916 est,
524 2832 665 2914 qoomm's
686 2851 719 2896 eo
741 2832 799 2914 die,
821 2831 875 2914 poi
891 2831 1017 2914 primus
1037 2831 1096 2895 sot

81 2922 199 2986 oemdoe
217 2922 367 3002 pompm
387 2921 498 3006 fuerit,
519 2941 604 2986 nemo
626 2921 751 3004 riserit,
773 2921 827 3004 poi
845 2940 913 2985 eom
929 2919 1096 3003 pemmiom

81 3010 207 3092 deberet,
226 3014 328 3074 tamem
340 3011 471 3092 perinde
487 3011 636 3076 committi
647 3031 751 3094 pomo
762 3014 871 3096 potest,
889 3030 925 3074 oo
942 3009 971 3078 si
986 3008 1097 3090 posset

80 3097 169 3165 heres
191 3098 342 3164 debitoris.
895 3177 896 3182 ¹

391 3209 437 3269 De
460 3211 625 3270 tooorotiome
647 3210 790 3269 debitoris.

174 3329 228 3396 32.
252 3327 290 3394 D.
309 3329 362 3412 46,
376 3328 407 3412 4,
421 3329 473 3395 23.
514 3327 622 3396 Labeo
645 3327 730 3394 libro
754 3329 866 3412 quinto
890 3325 1053 3393 Pithanon
1077 3349 1096 3392 a

80 3415 189 3484 Paulo
229 3418 488 3500 epitomatorem.
525 3453 562 3465 -
597 3415 635 3483 Si
670 3435 721 3500 opo
758 3416 814 3482 toto·
845 3420 999 3499 occeptum
1028 3417 1098 3500 feei,

79 3507 183 3574 odorio
206 3506 307 3590 mapis
329 3526 380 3589 epo
402 3527 423 3570 o
445 3510 472 3571 ie
494 3507 639 3572 liberatos
660 3526 737 3572 soem.
830 3588 833 3594 Ι
