2508 3896
166 161 231 226 562
267 161 302 218 II.
326 159 395 217 TIB.
419 159 494 215 ann
518 159 645 217 CLAUD.
669 159 805 217 NERON.
829 159 937 218 ΤΕΜΡ.
955 159 1055 215 IURIS
1073 159 1171 219 CONS.

256 323 306 389 16.
337 321 413 388 Vat.
436 323 475 387 fr.
495 323 569 390 307.
618 323 702 388 Item
734 322 791 408 (se.
815 323 935 388 Paulus
962 324 981 387 l.
1006 323 1110 389 LXXI
1135 323 1173 388 ad
1237 375 1239 412 ,

166 409 237 497 ed.).
261 447 304 459 -
326 411 411 477 Item
433 413 552 498 exeipit
575 408 633 499 (so
652 413 703 477 lex
722 409 857 497 (lineis),
881 410 921 477 ‘si
943 412 1014 496 quis
1035 434 1055 477 a
1073 415 1171 478 servis
1238 445 1239 450 .

166 503 286 585 quique
304 523 363 584 pro
388 501 488 565 servis
512 503 699 566 servitutem
724 502 903 566 servierunt
926 501 1043 585 aoeipit
1064 501 1175 586 (isse)
1238 567 1239 584 ,

167 588 258 655 duit’.
297 589 349 654 his
371 590 482 655 verbis
505 588 546 654 ‘ei
569 589 641 674 quis
665 612 685 654 a
707 588 821 654 servis'
845 591 946 655 servis
968 591 1082 654 liberti
1104 613 1173 656 eon·
1238 603 1239 620 ³

161 678 322 764 timentur,
350 682 388 743 ut
416 678 562 762 patronis
589 680 664 742 dare
687 679 821 762 possint.
866 678 1078 763 sequentibus
1102 701 1173 745 vero

165 766 337 851 excipitur,
366 770 405 832 ut
431 768 460 832 is
484 768 539 851 qui
563 767 732 832 bonafide
756 767 881 851 serviit,
909 772 937 831 si
959 771 1074 850 postea
1096 767 1174 834 liber

164 857 395 941 pronuntiatus
406 857 458 936 sit,
472 856 576 940 possit
589 857 665 921 dare
679 856 709 919 ei
723 856 773 920 oui
790 856 911 921 serviit.
940 854 1079 922 Sabinus
1094 863 1174 922 utra·

166 966 227 1030 que
236 943 561 1029 scriptura<libertos
569 944 852 1028 putat>oontineri
860 943 1038 1011 etbisidem
1047 945 1174 1011 dietum.

257 1035 306 1099 17.
335 1032 411 1100 Vat.
430 1033 469 1098 fr.
487 1036 507 1114 ξ
522 1034 596 1099 266.
641 1031 801 1117 Ulpianus
828 1033 911 1099 libro
932 1033 949 1098 I
973 1034 1012 1098 ad
1037 1033 1173 1100 edietum

168 1123 206 1187 de
229 1123 326 1187 rebus
350 1122 487 1188 creditis.
506 1158 549 1170 —-
573 1172 598 1187 ..
621 1121 651 1187 si
674 1123 745 1207 quis
768 1126 881 1187 eontra
902 1123 1009 1208 legem
1034 1120 1175 1190 Cinciam

166 1211 331 1296 obligatus
360 1232 426 1275 non
454 1214 585 1294 excepto
620 1211 917 1296 solverit,·debebit
946 1211 1007 1276 diui
1032 1216 1174 1296 repetere

168 1321 242 1366 eum
264 1321 370 1384 posse,
392 1321 470 1365 uam
493 1321 619 1383 semper
640 1301 826 1384 exceptione
845 1298 975 1366 Cinciae
994 1301 1043 1364 uti
1062 1303 1176 1386 potuit,

165 1383 225 1454 nee
245 1389 351 1454 solum
369 1389 450 1474 ipse,
467 1409 588 1472 verum,
607 1393 644 1452 ut
658 1387 845 1453 Proculiani
859 1393 972 1454 eontra
985 1387 1175 1456 Sabinianus

163 1482 293 1562 putant,
313 1477 414 1542 etiam
432 1477 546 1562 quivis,
564 1479 657 1561 quasi
676 1477 841 1562 popularis
861 1481 904 1542 sit
921 1477 1002 1544 haee
1021 1481 1176 1563 exceptio,

164 1567 221 1632 sed
245 1567 393 1632 etheree
417 1567 496 1631 eius.

180 1675 181 1678 ’
253 1678 477 1756 Fragmentum,
494 1677 629 1754 quamvi's
643 1676 772 1737 Sabinus
785 1677 866 1737 inter
880 1676 1059 1739 Sabinianus
1072 1679 1176 1739 referri

164 1770 305 1844 nequeat,
329 1785 495 1844 proponere
517 1766 639 1842 placuit.

191 1921 241 1987 De
262 1921 457 1987 seroilutbus
473 1923 676 2004 praediorum
697 1921 882 1987 melicertem
903 1926 933 1986 et
954 1921 1154 1988 urbanorum.

256 2036 319 2102 18⁸.
349 2035 389 2100 D.
404 2036 434 2116 8,
448 2037 478 2114 2,
492 2037 544 2101 26.
591 2035 711 2101 Paulus
740 2035 824 2101 libro
849 2037 962 2120 quinto
987 2037 1112 2103 decimo
1136 2038 1175 2102 ad

165 2123 320 2194 Sabinum
336 2121 385 2210 (P.
399 2123 506 2211 1880).
523 2161 561 2171 -
577 2123 617 2188 In
635 2147 669 2188 re
684 2124 848 2190 communi
860 2145 955 2190 nemo
971 2125 1174 2193 dominorum
1237 2161 1238 2212 i

163 2214 231 2278 iure
264 2214 431 2278 servitutis
463 2233 567 2296 neque
598 2214 705 2278 faeere
738 2213 910 2298 quiequam
941 2213 1045 2280 invito
1074 2216 1174 2280 altero
1237 2237 1238 2302 1

162 2305 273 2389 potest
300 2322 403 2387 neque
430 2300 615 2386 prohibere,
642 2303 813 2387 quominus
841 2301 925 2367 alter
946 2303 1064 2388 faoiat3
1095 2304 1176 2369 nulli
1237 2309 1238 2384 s

163 2392 249 2456 enim
270 2413 322 2457 res
347 2412 405 2454 sua
428 2390 536 2455 servit.

254 2477 318 2545 181‘.
342 2477 382 2545 D.
396 2479 448 2564 10,
462 2480 493 2560 3,
507 2479 559 2544 28.
597 2477 794 2563 Papinianus
813 2479 896 2545 libro
916 2480 1056 2564 septimo
1073 2479 1173 2558 Quae·

164 2571 305 2636 etionum
342 2565 392 2656 (P.
417 2566 504 2654 140).
539 2603 577 2615 —
613 2566 752 2634 Sabinus
789 2569 835 2634 ait
870 2569 904 2633 in
940 2590 975 2633 re
1011 2569 1177 2636 communi

163 2659 326 2724 neminem
367 2657 569 2723 dominorum
609 2657 679 2721 iure
719 2656 825 2722 faeere
862 2657 1035 2743 quiequam
1072 2659 1177 2724 invito

164 2750 265 2814 altero
288 2768 392 2831 posse.
1235 2731 1237 2800 l

485 2855 532 2917 De
553 2859 667 2927 itinere,
690 2863 770 2928 uota,
792 2861 849 2919 viu.

249 2975 296 3034 'De
314 2974 421 3034 itinere
440 2976 493 3032 aut
511 2975 582 3032 autu
599 2972 675 3033 dixit
689 2973 811 3036 Servius
826 2967 855 3057 (Ι
864 2995 892 3051 p.
904 2966 993 3054 195),
1012 2974 1051 3034 de
1069 2974 1178 3035 itinere
1236 2925 1237 2938 ¹

119 3101 134 3123 .-
153 3067 195 3123 et
216 3064 266 3124 via
288 3062 388 3122 Labeo
412 3055 457 3142 (Π
470 3083 499 3139 p.
516 3054 602 3142 130).

254 3164 317 3228 19?
340 3163 374 3230 0.
385 3163 478 3249 3‚34,
489 3163 540 3228 14.
569 3162 660 3228 Idem
674 3160 732 3250 (so.
745 3163 826 3248 Imp.
839 3162 1056 3252 Iustinianus)
1071 3167 1113 3231 A.
1127 3165 1178 3230 Io·

163 3252 265 3317 hanni
292 3275 345 3336 pp.
374 3251 417 3338 (a.
436 3248 526 3338 531).
552 3287 595 3300 -
623 3249 706 3316 (lum
737 3253 813 3317 lalis
845 3253 991 3338 quaestio
1018 3254 1055 3319 in
1083 3255 1178 3320 libris

165 3338 349 3405 Sabinianis
372 3341 571 3405 vertebatur:
595 3340 726 3424 quidam
749 3341 870 3407 etenim
892 3346 1007 3427 paetus
1031 3347 1084 3409 est
1104 3364 1178 3410 oum

164 3448 222 3491 suo
240 3427 357 3510 vicino,
375 3432 411 3491 ut
429 3429 525 3493 lioeat
544 3430 572 3493 ei
591 3430 642 3494 vel
660 3451 717 3513 per
735 3451 770 3494 se
789 3431 839 3495 vel
858 3453 916 3515 per
934 3452 1011 3497 suos
1025 3431 1178 3498 homines

165 3533 223 3595 per
246 3533 358 3596 agrum
382 3515 480 3579 vieini
503 3515 678 3581 transitum
701 3516 805 3582 faeere
828 3519 951 3604 iterque
968 3519 1092 3586 habere
1113 3541 1179 3586 uno
