2580 3888
154 171 219 236 306
256 171 277 226 I.
302 171 454 228 AETATIS
473 173 633 230 AUGUSTI
651 171 698 228 ΕΤ
717 171 853 228 TIBERII
871 173 969 228 IUltIS
988 174 1166 231 CONSULTI

442 334 486 388 De
504 335 591 406 tepato
609 335 659 390 sub
677 334 756 389 modo
774 335 873 390 relicto.

246 426 295 489 11.
324 429 360 489 D.
380 426 497 508 32,19.
544 425 669 490 Valens
696 425 781 491 libro
805 427 917 510 quinto
940 425 1164 492 fideicommis-

156 533 264 577 sorum
284 511 333 599 (P.
350 511 415 600 14).
432 550 470 561 -
489 513 524 580 si
546 516 606 580 tibi
629 515 773 598 togatum
797 519 846 579 ost
869 517 919 579 vel
941 515 1166 581 fideicommis-

155 622 227 665 sum
258 601 419 686 relictum,
446 604 495 668 uti
528 603 603 688 quid
635 602 751 687 111111,
783 604 910 668 etiamsi
936 626 1002 669 non
1030 605 1166 670 interest

154 689 282 756 heredis
302 691 334 754 id
353 691 432 775 fieri,
450 693 633 778 negandam
650 692 712 756 tibi
731 693 900 776 actionem,
919 693 1031 759 sinon
1050 715 1163 758 caveas

154 778 266 844 heredi
289 779 441 863 futurum,
464 783 548 865 quod
573 781 741 846 defunctus
760 779 872 862 voluit,
894 779 1002 846 Nerva
1021 787 1052 847 et
1070 783 1164 847 Atili·
1211 863 1213 868 Α

153 867 243 932 oinus
262 917 269 934 .
285 918 314 935 ..
332 873 534 954 putaverunt.

589 981 729 1041 Dodote.

241 1079 292 1145 12.
314 1079 355 1146 D.
373 1081 426 1162 23,
440 1081 471 1166 3,
484 1081 538 1165 56,
552 1083 581 1148 3.
619 1080 709 1146 Idem
730 1078 878 1169 (Paulus)
902 1083 986 1149 libro
1010 1087 1101 1149 sexto
1122 1084 1163 1148 ad

150 1165 316 1234 Plautium
339 1168 389 1256 (P.
410 1167 520 1256 1128).
543 1207 585 1218 -
610 1169 644 1235 si
672 1171 807 1256 pecunia
836 1176 869 1235 et
890 1171 1007 1244 fundus
1030 1174 1064 1238 in
1088 1171 1163 1238 dote

153 1258 219 1322 sint
242 1262 274 1323 et
296 1259 494 1346 necessariae
518 1260 683 1345 impensae
706 1259 741 1323 in
763 1260 896 1325 fundum
915 1261 1030 1347 factae,
1053 1260 1162 1327 Nerva

152 1348 200 1412 ait
222 1347 329 1413 dotem
351 1347 569 1430 pecuniariam
593 1348 706 1415 minui.

340 1530 387 1589 De
409 1501 561 1591 1111161111
582 1533 657 1591 tuter
679 1533 775 1592 utrum
798 1538 824 1592 ot
845 1551 971 1594 uxorari.

242 1639 292 1704 13.
316 1639 354 1704 D.
369 1638 422 1721 24,
440 1641 534 1724 1,36,
551 1643 578 1706 1.
615 1641 734 1707 Paulus
753 1642 837 1707 libro
856 1644 1046 1728 trigonsimo
1071 1648 1162 1710 sexto

152 1728 192 1793 ad
229 1727 368 1794 edictum
400 1727 449 1813 (P.
472 1726 562 1816 541).
598 1767 636 1776 —
671 1729 815 1814 Sponsus
852 1732 993 1797 alienum
1030 1734 1162 1798 anulum

152 1838 289 1900 sponsae
322 1818 448 1882 muneri
475 1818 566 1882 misit
592 1822 626 1883 et
653 1823 729 1903 post
756 1821 887 1903 nuptias
914 1843 973 1904 pro
1002 1843 1040 1886 eo
1068 1844 1161 1886 suum

152 1905 246 1970 dedit.
290 1907 420 1990 quidam
453 1909 485 1970 et
515 1907 624 1973 Nerva
655 1912 772 1992 putant
801 1909 873 1973 fiori
905 1932 977 1974 oum
1009 1911 1163 1993 muliano,

152 1994 228 2078 quia
251 1996 329 2059 tuno
352 1994 471 2059 faotam
494 1995 702 2061 donationem
728 1997 917 2063 confirmare
940 1999 1074 2084 videtur,
1095 2021 1161 2065 non

150 2103 269 2146 novam
292 2082 450 2148 inchoare.

427 2212 581 2272 1111111111
602 2214 639 2273 ab
662 2231 751 2274 uaore
774 2218 883 2275 amotis.

240 2319 291 2386 14.
315 2319 352 2386 D.
373 2320 425 2399 25,
439 2322 469 2403 2,
485 2322 513 2386 1.
550 2321 667 2387 Paulus
687 2323 771 2388 libro
791 2326 927 2408 septimo
947 2327 987 2391 ad
1006 2325 1161 2393 Sabinum
1272 2401 1280 2411 ‚

152 2405 328 2497 (Ruta).
349 2409 527 2474 -Rerum
550 2415 730 2477 amotarum
754 2413 905 2479 iudicium
929 2416 1092 2501 singulare
1115 2418 1161 2482 in-

150 2499 337 2564 troductum
361 2502 411 2563 est
434 2498 585 2565 adversus
609 2522 681 2566 eam
703 2524 784 2587 quae
806 2524 888 2569 uxor
908 2503 979 2588 fuit,
1001 2506 1160 2589 quianon

149 2587 274 2670 placuit
301 2610 373 2652 oum
401 2609 440 2653 oa
466 2589 545 2654 furti
573 2610 669 2674 agere
696 2613 805 2674 posse,
833 2592 1023 2676 quibusdam
1051 2595 1159 2659 existi-

149 2678 323 2761 mantibus,
345 2698 385 2742 ne
404 2678 532 2762 quidem
554 2677 677 2744 furtum
696 2702 767 2746 eam
790 2681 909 2765 facero,
931 2685 969 2746 ut
985 2681 1095 2749 Nerva
1113 2730 1121 2747 .
1137 2731 1159 2764 .,

152 2766 227 2852 quin
246 2768 382 2830 societas
402 2766 487 2831 vitae
506 2768 741 2851 quodammodo
761 2769 925 2834 dominam
943 2792 1015 2835 sam
1029 2773 1158 2837 faceret.

566 2950 613 3008 De
634 2950 742 3010 tuoto?

237 3049 287 3115 15.
319 3048 358 3113 D.
380 3050 429 3128 16,
448 3049 478 3134 3,
496 3051 547 3115 32.
598 3048 709 3116 Celsus
742 3051 826 3117 libro
858 3053 1025 3121 undecimo
1057 3051 1157 3141 Dige-

148 3141 271 3203 storum
286 3136 336 3225 (P.
349 3133 416 3226 91).
431 3174 474 3184 -
489 3137 580 3214 Quod
593 3138 703 3204 Nerva
721 3139 841 3206 diceret
859 3141 1009 3209 latiorem
1028 3145 1156 3231 culpam

146 3226 254 3291 dolum
278 3248 347 3292 osse

489 3340 535 3400 111
557 3358 655 3401 rorum
677 3343 810 3402 1111111111.

237 3441 286 3505 16.
314 3439 352 3506 D.
372 3441 402 3526 6,
419 3443 446 3526 1,
460 3441 490 3524 5,
505 3449 534 3507 3.
587 3442 749 3527 Ulpianus
786 3443 870 3510 libro
907 3449 999 3512 sexto
1031 3447 1157 3514 decimo

147 3526 187 3590 ad
212 3527 349 3594 edictum
374 3529 423 3614 (P.
442 3527 546 3618 5491‘).
571 3568 610 3579 -
635 3531 684 3597 De
715 3533 828 3599 arbore
853 3555 934 3618 quae
957 3535 991 3598 in
1014 3535 1155 3603 alienum
