2506 3880
366 165 390 215 7.
413 160 450 214 Μ.
469 159 660 216 ANTISTIUS
679 159 797 216 LABEO
1022 159 1086 226 133

80 345 152 388 sero
173 322 352 406 denuntiat,
370 326 406 388 ut
417 323 527 389 venire
545 323 778 408 prohibiturus,
795 323 885 407 prius
905 345 1001 408 quam
1019 324 1088 409 fiat,

77 434 144 477 non
165 412 280 494 possit
303 412 438 477 ethaeo
460 413 508 477 ita
530 411 715 478 Labeonem
738 413 876 496 probare
895 413 1007 478 Aristo
1030 414 1086 478 ait

166 499 242 565 210.
260 499 301 565 D.
314 499 389 565 ibid.
404 503 425 582 ξ
441 503 470 566 1.
489 538 531 549 -
550 499 586 566 Si
604 502 677 586 quis
695 523 730 565 se
749 501 987 567 denuntiaverit
1004 523 1087 586 opus

75 589 255 671 facturum,
285 611 351 654 non
382 612 506 674 semper
534 612 601 655 non
632 590 760 656 videtur
786 590 870 655 clam
899 590 1027 674 fecisse,
1058 591 1087 655 si

76 681 153 763 post
171 677 447 744 denuntiationem
459 679 585 744 facerit:
606 679 737 744 debebit
750 678 844 760 enim,
863 680 955 743 etita
968 679 1087 764 Labeo,

78 770 111 832 et
137 766 223 832 diem
252 766 420 832 ethoram
443 767 688 832 denuntiatione
711 768 895 851 complecti,
923 772 956 832 et
976 768 1032 833 ubi
1054 772 1089 833 at

78 855 165 940 qnod
188 877 270 939 opus
292 855 436 922 futurum
459 858 518 941 sit,
545 878 650 940 neque
672 855 851 941 perfusorio
874 859 931 920 aut
952 857 1088 922 obscure

80 943 185 1010 dicare
208 947 266 1008 aut
288 943 490 1030 denuntiare,
512 966 615 1030 neque
637 949 707 1010 tam
730 949 836 1010 artare
859 944 1088 1030 adversarium,

80 1037 116 1099 ut
141 1033 232 1098 intra
259 1032 344 1097 diem
371 1055 535 1099 occurrere
563 1034 604 1100 ad
626 1034 863 1117 prohibendum
884 1055 952 1099 non
974 1035 1088 1117 possit

167 1122 243 1187 211.
266 1119 305 1186 D.
318 1120 395 1187 ibid.
410 1124 451 1204 ἐξ
466 1124 496 1188 8.
510 1124 542 1189 9.
560 1159 603 1170 -
622 1121 713 1188 Haeo
735 1124 834 1188 verba
857 1123 957 1208 ‘quod
976 1122 1010 1187 vi
1031 1127 1088 1188 aut

79 1210 163 1276 olam
172 1210 297 1275 factum
310 1209 372 1274 est'
381 1211 428 1276 ait
435 1211 560 1276 Mucius
572 1212 622 1277 ita
635 1233 705 1277 esse
715 1211 813 1297 ‘quod
826 1217 863 1276 tu
872 1211 1020 1296 (fecisti)
1031 1219 1089 1278 aut

80 1303 211 1364 tuorum
225 1299 297 1383 quis
311 1302 368 1364 aut
380 1304 437 1366 tuo
451 1301 540 1365 iussu
553 1299 677 1365 factum
691 1299 762 1366 est'.
792 1300 902 1366 Labeo
917 1305 1027 1366 autem
1042 1302 1089 1367 ait

79 1386 189 1472 plures
207 1408 363 1471 personas
381 1389 538 1453 contineri
555 1388 608 1453 his
621 1390 739 1455 verbis.
768 1412 845 1455 nam
862 1410 935 1454 ecce
948 1391 1089 1474 primum

81 1476 215 1540 heredes
234 1497 354 1556 eorum,
371 1498 452 1561 quos
471 1483 640 1542 enumerat
656 1478 793 1560 Mucius,
810 1479 968 1544 contineri
985 1482 1089 1563 putat

169 1564 244 1631 212.
274 1563 315 1629 D.
332 1565 410 1630 ibid.
424 1568 445 1647 ἓ
460 1567 511 1631 10.
537 1602 576 1616 -
600 1567 691 1632 Idem
716 1568 764 1632 ait
785 1573 819 1632 et
839 1566 992 1632 adversus
1013 1591 1089 1652 pro·

79 1656 264 1719 curatorem
285 1657 430 1720 tutorem
452 1659 634 1721 curatorem
656 1657 895 1741 municipumre
918 1656 1088 1740 syndicum

80 1741 189 1808 aliano
211 1742 341 1807 nomine
363 1744 512 1809 interdici
534 1767 638 1828 posse.

168 1830 247 1898 213.
272 1829 312 1895 D.
325 1831 403 1896 ibid.
417 1834 437 1913 ξ
453 1832 504 1898 13.
526 1867 563 1880 -·
583 1832 630 1898 Et
650 1855 723 1900 cum
747 1834 953 1899 interdictum
976 1835 1023 1900 sic
1046 1837 1090 1900 sit

79 1919 239 2004 scriptum
262 1919 359 2005 ‘quod
377 1923 411 1986 vi
429 1925 487 1987 aut
505 1922 590 1986 olam
607 1918 820 2005 factumest,
841 1945 908 1988 non
925 1924 974 1988 ita
991 1923 1090 2009 ‘quod

78 2031 114 2074 vr
104 2009 186 2073 aut
199 2009 283 2073 clam
296 2009 424 2094 fecistiss
436 2011 534 2075 latius
547 2013 671 2098 porrigi
685 2035 783 2098 quam
796 2012 837 2077 ad
851 2012 911 2078 has
924 2035 1090 2099 personas,

81 2119 164 2182 quas
188 2119 286 2181 supra
306 2100 556 2186 numeravimus,
577 2099 686 2166 Labeo
707 2105 811 2185 putat

15 2245 16 2248 ,
170 2185 244 2251 214.
263 2185 303 2252 D.
315 2187 359 2252 43
359 2187 471 2271 ‚24‚7,
479 2189 511 2255 4.
541 2151 702 2273 Dlpianus
707 2123 808 2256 plibro
826 2194 1088 2278 septuagensimo

15 2295 16 2298 ’
77 2275 186 2361 primo
215 2275 255 2340 ad
282 2276 422 2341 edictum
448 2275 497 2362 (P.
513 2275 690 2364 1594).-
720 2276 765 2366 (si
792 2279 932 2345 incendii
959 2281 1089 2346 arcendi

78 2385 180 2430 causa
202 2364 301 2429 vicini
324 2365 419 2432 aedes
441 2366 681 2453 intercidi..)
703 2368 790 2453 quod
817 2370 846 2433 si
871 2369 1089 2435 1111111111-

78 2452 134 2518 dio
163 2452 195 2517 id
218 2452 346 2537 feceris,
373 2454 487 2519 deinde
509 2461 624 2538 postea
646 2457 829 2521 incendium
852 2461 959 2522 ortum
981 2458 1089 2543 fuerit,

15 2555 17 2584 ³
77 2563 147 2607 non
174 2541 258 2606 idem
286 2542 349 2607 erit
376 2543 545 2608 dicendum
572 2542 714 2630 (absolvi
739 2550 773 2608 to
800 2543 980 2630 oportere),
1012 2548 1089 2630 quia

76 2652 147 2695 non
178 2651 216 2695 ox
247 2636 323 2714 post
348 2631 450 2717 facto,
481 2633 537 2697 sed
567 2655 606 2697 ox
633 2633 796 2717 praesenti
822 2638 910 2696 statu
936 2632 1090 2698 damnum

16 2749 17 2752 ¹
78 2718 205 2785 factum
228 2723 273 2783 sit
293 2741 353 2785 nec
374 2742 430 2806 ne,
453 2722 617 2786 aestimari
639 2725 787 2806 oportere
810 2719 919 2785 Labeo
942 2721 998 2786 ait.

169 2813 402 2892 1114111
427 2818 456 2876 ι.

170 2896 245 2961 215.
276 2861 564 2984 Ι).43,24,1111.
607 2898 769 2984 Ulpianus
791 2899 877 2964 libro
900 2902 1090 2984 septuagen-

78 2985 165 3050 simo
187 2986 294 3069 primo
317 2987 359 3051 ad
382 2988 520 3054 edietum
544 2986 594 3074 (P.
610 2987 733 3074 15950).
763 3026 801 3038 -
821 2988 860 3055 Si
881 2989 953 3074 quis
975 2988 1011 3052 in
1033 3009 1090 3070 pn·

77 3077 171 3139 teum
192 3074 290 3139 vicini
312 3076 435 3161 aliquid
458 3076 615 3160 effuderit
637 3080 674 3142 ut
696 3076 759 3144 hoc
781 3077 869 3144 facto
888 3099 1004 3161 aquam
1022 3097 1090 3140 cor·

76 3167 255 3248 rumperet,
276 3163 324 3228 ait
340 3163 450 3231 Labeo
472 3166 644 3230 interdicto
667 3165 754 3250 quod
775 3168 810 3230 vi
832 3170 890 3231 aut
911 3167 996 3230 clam
1016 3185 1089 3229 eum

76 3252 199 3317 teneri:
225 3253 332 3336 portio
360 3254 448 3319 enim
475 3255 548 3340 agri
569 3253 696 3319 ridetur
719 3255 913 3337 aquaviva,
940 3253 1090 3338 quemad·

17 3373 18 3376 ¹
78 3340 215 3407 modum
237 3340 367 3426 siquid
389 3344 497 3426 operis
518 3343 554 3407 in
578 3363 662 3426 aqua
683 3342 823 3407 fecisset.

171 3428 246 3493 216.
277 3429 316 3495 D.
329 3431 382 3514 43,
395 3433 451 3515 24,
466 3433 516 3517 13,
532 3433 561 3497 1.
605 3429 767 3516 Uipianus
789 3430 874 3497 libro
898 3434 1091 3517 septuagen-

17 3599 18 3608 .
77 3518 165 3584 simo
183 3518 349 3601 primo'ad
366 3521 507 3586 edictum
525 3518 575 3606 (P.
586 3515 712 3606 159ib).
732 3556 774 3567 -
792 3517 902 3584 Labeo
921 3520 1043 3602 scribit,
1062 3521 1090 3584 si
