2580 3888
139 157 205 222 292
241 156 261 211 Ι,
284 153 438 210 AETATIS
456 153 617 210 AUGUSTI
634 153 681 208 ΕΤ
699 153 834 210 TIBERII
852 153 950 209 luals
969 153 1151 210 CONSULTI

227 319 256 384 6.
275 316 356 384 Ibid.
372 318 436 399 §it
450 353 494 366 --
514 316 548 384 Si
570 317 670 382 fundo
693 317 866 383 aestimato
886 317 921 382 in
940 317 1049 382 dotem
1072 317 1150 383 dato

138 411 235 492 pacta
258 408 301 471 sit
324 407 450 489 mulier,
471 410 517 491 ut,
540 410 662 490 quanto
681 407 783 491 pluris
801 407 946 489 venierit,
968 406 1002 470 id
1020 405 1055 472 iu
1074 406 1150 471 dote

140 497 196 580 sit,
226 494 312 560 Mela
343 496 392 561 ait
419 495 625 578 servandum,
657 518 728 560 oum
757 499 789 559 et
817 518 855 560 ex
884 496 1046 559 contrario
1075 515 1149 560 con-

141 585 249 737 'fflli
271 583 1150 757 llilllllmlfltnlltll’tjttlrltlta

252 722 259 738 ·
309 723 317 740 ·
377 725 385 756 ν
420 723 429 757 a
488 723 495 751 2
533 722 539 737 ·

141 762 181 826 ad
205 761 345 828 edictum
365 759 415 848 (P.
429 759 519 848 957).
537 798 580 808 -
599 760 755 838 Quotiens
779 761 907 826 mulieri
929 761 1151 826 satisdandum

141 856 191 916 est
214 851 252 915 de
276 852 436 917 solutione
460 851 545 916 dotis
569 857 645 934 post
665 854 789 915 certum
807 853 944 934 tempus,
967 851 996 914 si
1015 851 1151 914 maritus

142 939 298 1005 satisdare
321 962 388 1006 non
410 940 524 1023 possit,
546 943 624 1004 tunc
647 939 782 1004 deducto
807 939 975 1004 commodo
993 939 1150 1023 temporis

142 1029 366 1094 condemnatio
390 1028 510 1093 residui
532 1032 806 1112 repraesentatur;
830 1028 885 1092 sed
904 1029 940 1111 si,
964 1050 1035 1093 cum
1056 1030 1149 1091 mari-

141 1121 195 1183 tus
219 1117 376 1182 satisdare
400 1123 525 1201 posset,
552 1116 662 1198 nollet,
685 1117 719 1180 in
742 1116 882 1181 solidum
906 1138 978 1180 eum
1002 1116 1150 1182 condem·

142 1207 285 1271 nandum
299 1205 386 1271 Mela
404 1207 452 1271 ait
468 1227 534 1270 non
547 1205 659 1269 habita
673 1205 799 1270 ratione
815 1205 976 1270 commodi
989 1205 1153 1289 temporis.
1226 1219 1228 1230 ¹

232 1296 260 1360 8.
298 1295 339 1359 D.
352 1295 404 1373 33,
417 1295 449 1377 4,
466 1296 494 1372 1,
511 1295 560 1359 14.
611 1294 771 1378 Ulpianus
801 1294 884 1359 libro
912 1316 997 1360 nono
1027 1295 1152 1359 decimo

144 1384 184 1449 ad
208 1383 363 1449 Sabinum
387 1382 436 1469 (P.
450 1383 563 1467 2599).
589 1419 625 1430 -
651 1382 739 1448 Mela
762 1385 901 1467 scripsit,
927 1385 955 1449 si
977 1382 1096 1448 fundus
1118 1383 1154 1446 in

144 1474 217 1538 dote
250 1474 295 1537 sit
327 1479 359 1536 et
391 1472 575 1557 specialiter
607 1472 650 1536 sit
676 1472 819 1556 legatus,
852 1495 928 1537 mox
956 1472 1152 1558 generaliter

144 1562 201 1627 dos
224 1561 383 1644 relegata,
405 1583 472 1626 non
495 1561 561 1644 bis,
584 1561 639 1625 sed
663 1562 762 1626 semel
785 1561 894 1625 deberi
915 1561 1061 1626 fundum.

233 1651 263 1715 9.
282 1649 322 1715 D.
336 1649 412 1715 ibid.
426 1653 446 1730 ἓ
462 1650 512 1716 15.
530 1648 718 1714 -Ibidem
736 1647 822 1714 Mela
841 1650 1019 1733 coniungit,
1038 1651 1066 1714 si
1084 1650 1154 1716 iun·

145 1741 203 1805 dus
230 1739 266 1803 in
290 1740 365 1804 dote
388 1738 451 1804 fuit
474 1741 600 1806 locatus
624 1740 784 1804 emerito
808 1739 848 1804 ad
872 1742 995 1804 certum
1018 1742 1156 1823 tempus,

144 1849 278 1893 uxorem
310 1849 377 1892 non
410 1829 491 1892 alias
523 1828 658 1893 fundum
690 1850 729 1892 ex
762 1827 962 1911 relegatione
994 1829 1156 1911 consequi,

146 1939 243 2000 quam
267 1916 295 1982 si
319 1918 438 1982 caverit
461 1939 495 1980 se
518 1939 686 2002 passuram
710 1917 861 1982 colonum
884 1916 958 2001 frui,
981 1917 1154 1983 dummodo

145 2007 217 2088 ipsa
239 2006 411 2088 pensiones
435 2006 602 2089 percipiat.

237 2095 287 2159 10.
310 2092 349 2157 D.
363 2094 416 2176 25,
430 2094 461 2178 2,
475 2094 506 2177 3,
520 2095 549 2158 4.
587 2094 706 2158 Paulus
729 2093 814 2159 libro
839 2094 977 2178 septimo
1002 2094 1042 2160 ad
1066 2091 1157 2160 Sabi·

146 2204 224 2246 num
242 2181 292 2264 (P.
307 2178 418 2266 1774).
438 2218 480 2228 -·
501 2179 536 2246 Si
553 2181 621 2245 filia
643 2181 785 2246 familias
808 2205 860 2247 res
884 2183 1050 2268 amoverit,
1072 2182 1158 2248 Mela

146 2269 310 2336 Fulcinius
334 2272 426 2335 aiunt
449 2269 488 2334 de
507 2272 631 2354 peculio
651 2270 788 2335 dandam
808 2274 980 2355 actionem,
1001 2273 1076 2356 quia
1095 2273 1157 2336 dir·

145 2358 260 2444 plicuit
284 2381 355 2422 eam
379 2358 459 2423 furti
482 2359 632 2444 obligari,
655 2360 706 2424 vel
725 2361 760 2424 in
778 2361 881 2443 ipsam
901 2361 942 2425 ob
961 2382 1012 2425 res
1032 2366 1158 2426 amotas

147 2448 217 2513 dari
249 2447 418 2512 actionem,
469 2449 523 2513 sed
557 2448 584 2513 si
610 2452 704 2533 pater
733 2448 886 2514 adiuncta
916 2450 985 2514 filia
1017 2450 1055 2514 de
1083 2449 1158 2515 dote

147 2542 237 2622 agat,
262 2559 329 2601 non
352 2537 448 2602 aliter
472 2538 501 2601 ei
523 2537 662 2602 dandam
685 2537 860 2623 actionem,
884 2559 980 2623 quam
1004 2539 1033 2604 si
1056 2539 1158 2604 filiam

147 2648 255 2717 rerum
287 2630 468 2691 amotarum
505 2626 624 2692 iudicio
656 2627 690 2691 in
723 2627 861 2693 solidum
894 2631 926 2692 et
957 2650 1030 2694 cum
1063 2629 1157 2693 satis·

147 2715 276 2781 datione
300 2715 459 2779 defendat.

561 2863 608 2921 De
630 2864 732 2922 attola.

238 2982 288 3045 11.
321 2979 359 3044 D.
385 2981 438 3063 27,
461 2982 491 3063 3,
517 2983 544 3058 1,
567 2981 596 3045 6.
651 2980 812 3064 Ulpianus
846 2980 932 3047 libro
969 2982 1159 3069 trigensimo

149 3072 240 3134 sexto
274 3068 313 3133 ad
347 3068 488 3134 edictum
517 3067 566 3155 (P.
587 3067 695 3154 1026).
730 3106 766 3116 -
804 3067 838 3134 Si
870 3070 1002 3156 pupillis
1034 3075 1159 3138 tutores

148 3160 241 3241 pater
273 3156 375 3240 dedit,
413 3159 498 3222 inter
530 3181 610 3242 quos
643 3162 676 3223 et
707 3157 863 3223 libertum
895 3181 1003 3245 suum,
1039 3182 1160 3245 perque

150 3269 223 3310 eum
246 3246 388 3312 voluerit
411 3247 549 3312 tutelam
573 3247 809 3331 administrari,
836 3251 869 3313 et
889 3252 1015 3314 tutores
1039 3253 1160 3314 certam

150 3355 310 3399 summam
336 3336 364 3399 ei
395 3339 590 3418 statuerunt,
622 3336 699 3420 quia
726 3335 823 3401 aliter
853 3358 887 3401 se
915 3338 1068 3402 exhibere
1093 3359 1160 3403 non

150 3426 291 3506 poterat,
319 3424 501 3488 habendam
530 3425 599 3490 eius
626 3424 788 3490 rationem
816 3425 901 3509 quod
930 3428 1087 3510 statutum
1110 3431 1161 3492 est

149 3507 235 3572 Mela
258 3512 431 3577 existimat.
