2580 3888
150 190 219 254 346
263 190 295 245 lI.
320 190 388 247 ΤΙΒ.
412 189 487 247 GAII
511 190 639 247 CLAUD.
659 191 794 248 NEBON.
819 191 927 248 ΤΕΜΡ.
946 191 1041 248 IURIS
1064 191 1169 249 CONS.
1196 249 1197 254 ,

153 377 251 435 rores,
275 359 327 418 sed
351 359 483 436 optinuit
506 359 609 419 Sabini
632 361 781 420 sententia
800 361 1014 438 obligatorium
1032 379 1096 420 esse
1116 409 1122 420 .
1140 407 1170 422 ..

152 443 349 507 mandatum'.
386 449 424 508 ib.
445 451 464 508 8
487 443 525 508 ‘is
545 451 596 524 qui
616 450 789 526 exsequitur
807 449 982 508 mandatum
1001 468 1061 509 non
1079 450 1171 510 debet

152 536 292 596 excedere
319 537 392 596 fines
425 538 560 596 mandati
583 586 590 600 .
610 583 616 597 .
637 584 643 597 .
667 539 741 598 adeo
769 539 901 616 quidem,
933 543 969 597 ut
997 537 1106 598 Sabino
1137 542 1170 598 et

149 623 254 684 Cassio
281 626 437 703 placuerit,
460 627 578 686 etiamsi
597 627 818 686 ...inutiliter
840 631 871 686 te
894 633 1044 704 acturum3
1069 627 1168 687 diver·

152 731 202 772 sae
222 715 339 774 scholae
359 718 495 775 auctores
515 718 595 775 reete
616 720 645 775 te
662 761 669 774 .
685 762 692 777 .
707 762 713 774 .
728 719 868 774 acturum
884 716 1071 776 existimant:
1090 735 1167 793 quae

148 802 302 862 sententia
320 821 390 863 sane
410 804 567 881 benignior
586 799 652 863 est'.
684 804 736 880 IV,
748 807 777 882 3,
789 807 828 865 15
850 799 896 864 ‘ac
914 824 951 865 ne
965 805 1089 881 plurimi
1103 806 1167 880 qui-

151 891 218 950 dem
232 892 357 952 verbum
375 886 517 952 adicitur'
532 893 648 952 scilieet
664 893 694 952 in
709 895 799 952 tertio
814 893 890 970 legis
904 893 1044 971 Aquiliae
1058 893 1166 970 capite.

147 974 215 1039 ‘sed
231 979 340 1040 Sabino
359 985 457 1040 recte
471 982 585 1057 placuit
599 971 721 1057 perinde
735 982 902 1041 habendam
917 983 1166 1059 aestimationem,

148 1087 185 1128 ao
213 1070 238 1128 si
267 1071 359 1128 etiam
382 1072 437 1129 hac
460 1075 546 1145 parte
574 1070 698 1146 plurimi
721 1071 846 1130 verbum
867 1070 1017 1130 adiectum
1036 1067 1164 1132 fuisset'.

150 1153 274 1235 (Gaius,
303 1159 387 1218 cuius
414 1159 513 1218 verbis
542 1158 739 1219 Tribonienus
767 1160 824 1219 hoo
851 1178 968 1236 quoque
995 1161 1062 1220 loco
1089 1179 1165 1220 usus

148 1252 209 1325 est,
246 1247 319 1307 Inst.
345 1243 377 1323 3,
403 1249 466 1307 218
503 1250 623 1306 tantum
655 1248 732 1307 dixit
763 1242 831 1308 ‘sed
863 1248 973 1308 Sabino
1006 1243 1164 1330 placuit'.)

148 1335 180 1394 in
212 1335 347 1412 Digestis
380 1336 508 1413 denique
540 1338 750 1413 componendis
780 1357 841 1396 non
873 1339 960 1397 modo
992 1338 1164 1398 scholarum

147 1425 383 1500 controversiae,
412 1445 502 1503 quam
528 1426 656 1484 maxime
679 1426 744 1485 fieri
766 1427 881 1504 potuit,
910 1425 962 1485 sed
985 1427 1164 1505 plerumque

146 1515 238 1572 etiam
273 1533 340 1572 cum
369 1512 464 1574 Cassii
496 1518 527 1575 et
555 1509 690 1593 Proculi,
720 1517 785 1574 tum
813 1514 917 1574 Sabini
948 1534 1055 1574 nomen
1083 1517 1164 1576 dele-

147 1609 213 1661 tum
238 1607 293 1661 est

236 1691 301 1749 Iam
329 1693 367 1750 ad
394 1692 494 1768 ipsum
518 1692 663 1752 Sabinum
686 1693 896 1753 revertendum
920 1695 978 1771 est,
1008 1697 1056 1769 ut,
1084 1713 1163 1770 quae

144 1780 233 1839 initio
262 1780 297 1839 de
326 1799 360 1840 eo
385 1780 482 1840 dicere
506 1782 669 1859 coepimus,
698 1782 848 1841 adfinem
875 1783 1082 1857 perducamus
1129 1785 1162 1842 in

144 1869 279 1944 antiquis
317 1874 347 1928 et
383 1871 469 1929 novis
500 1870 618 1946 legibus
651 1871 884 1946 interpretandis
915 1869 1083 1930 Masurium
1114 1872 1161 1931 in·

144 1976 276 2034 genuam
304 1960 433 2016 mentem
458 1959 627 2018 exhibuisse
650 1960 724 2018 haec
747 1959 883 2036 exempla
906 1959 1025 2018 docent:
1055 1978 1161 2019 secun·

146 2047 217 2104 dum
255 2046 330 2123 legis
363 2045 421 2104 XII
451 2047 623 2105 tabularum
656 2048 748 2107 verba
784 2041 824 2106 ‘si
860 2052 948 2124 pater
979 2048 1075 2106 filium
1112 2052 1162 2108 ter

143 2152 256 2193 renum
288 2133 365 2206 duit,
400 2134 478 2194 filius
511 2154 529 2193 s
556 2140 641 2210 patre
668 2136 745 2195 liber
773 2131 849 2196 esto'
878 2137 1011 2197 diversae
1040 2139 1159 2198 scholae

145 2225 283 2281 auctores
307 2242 342 2282 ex
364 2223 464 2281 noxali
488 2243 606 2300 quoque
629 2243 719 2284 causa
742 2225 839 2284 filium
861 2225 991 2285 familias
1010 2230 1057 2286 ter
1075 2245 1160 2286 man-

143 2310 222 2385 cipio
256 2311 322 2370 dari
353 2312 461 2370 debere
493 2312 713 2372 existimabant.
765 2317 797 2373 at
825 2313 953 2374 Sabinus
983 2315 1015 2372 in
1042 2317 1098 2374 hac
1125 2336 1160 2376 re

143 2418 237 2458 unam
260 2400 507 2476 mancipationem
532 2402 668 2462 sufficere
693 2403 805 2479 docuit,
830 2421 897 2462 cum
919 2404 981 2462 tres
1004 2403 1079 2482 legis
1099 2405 1160 2465 XII

145 2488 319 2547 tabularum
350 2491 584 2566 mancipationes
617 2492 656 2550 ad
684 2491 854 2552 voluntaria
885 2495 1004 2551 tantum
1034 2494 1158 2570 negotia

143 2577 336 2652 perficerent.
383 2578 448 2638 Gai.
472 2583 501 2652 4,
524 2583 573 2640 79.
618 2581 694 2659 legis
726 2581 867 2659 Aquiliae
899 2585 990 2656 caput
1021 2583 1156 2660 tertium,

143 2685 202 2743 quo
230 2667 256 2726 is
289 2667 339 2744 qui
372 2667 514 2727 damnum
546 2668 642 2748 dedit,
669 2671 749 2729 tanti
781 2670 945 2747 obligetur,
976 2670 1080 2746 quanti
1113 2665 1159 2731 ‘in

144 2754 248 2814 diebus
276 2756 359 2814 XXX
385 2752 540 2831 proximis'
569 2775 605 2816 ea
632 2776 679 2817 res
707 2759 811 2836 fuerit,
839 2777 898 2818 non
926 2759 1041 2818 adiecto
1064 2761 1157 2821 verbo

142 2837 290 2921 ‘plurimi'
328 2846 406 2922 quod
438 2845 470 2903 in
502 2846 598 2921 primo
635 2847 711 2922 legis
745 2848 841 2923 capite
874 2847 987 2925 legitur
1020 2841 1159 2926 (quanti

143 2953 179 2992 ea
206 2952 254 2993 res
280 2935 312 2992 in
340 2953 374 2994 eo
402 2953 479 2993 anno
507 2934 629 3009 plurimi
652 2929 785 3016 fuerit'),
811 2937 925 3011 priores
948 2935 1158 2997 iurisconsulti

142 3022 187 3081 ita
209 3022 400 3098 interpretati
423 3026 516 3098 erant,
540 3027 577 3082 ut
593 3023 721 3083 liberum
740 3043 804 3084 esse
823 3024 914 3083 iudici
932 3029 1082 3102 putarent,
1107 3029 1158 3087 vel

141 3111 181 3169 ad
212 3111 244 3170 id
275 3114 394 3186 tempus
427 3131 463 3170 ex
495 3112 599 3172 diebus
627 3112 709 3170 XXX
737 3113 977 3173 aestimationem
1009 3114 1158 3194 redigere,

141 3218 201 3275 quo
234 3200 357 3275 plurimi
388 3220 436 3260 res
468 3201 573 3279 fuerit,
605 3203 654 3262 rel
686 3201 723 3260 ed
754 3202 786 3260 id
814 3222 872 3279 quo
902 3202 1026 3262 minoris
1055 3203 1157 3264 fuerit.

141 3293 174 3345 at
207 3287 316 3348 Sabino
348 3289 465 3365 placuit
495 3291 619 3365 proinde
651 3291 820 3351 habendum
854 3310 887 3350 ac
920 3292 947 3350 si
979 3292 1070 3351 etiam
1099 3293 1158 3352 hac

141 3380 227 3449 parte
253 3373 406 3451 ‘plurimi'
428 3379 553 3437 verbum
578 3381 727 3439 adiectum
751 3384 838 3439 esset.
881 3378 945 3440 sai.
965 3383 993 3458 3,
1010 3383 1081 3441 218.
1123 3382 1158 3442 in

141 3463 208 3539 lege
244 3464 324 3523 Iulia
360 3466 396 3525 de
432 3467 577 3526 bonorum
614 3470 746 3528 cessione
777 3468 1005 3545 interpretenda
1040 3469 1158 3545 priores

139 3549 216 3608 iuris
248 3554 378 3612 consulti
409 3560 586 3616 censuerant
617 3557 783 3616 debitorem
809 3560 929 3617 tantum
957 3558 994 3618 ab
1022 3576 1071 3636 eo,
1104 3561 1158 3620 cui
