2580 3888
438 132 463 182 a.
486 123 669 181 usserius
689 123 840 180 suerrus
1015 203 1019 210 ¹
1081 119 1146 186 323

183 295 313 376 Maerob.
333 294 395 355 Sat.
416 297 444 373 3,
464 297 493 368 3,
513 296 542 353 8.
572 324 609 334 —
712 290 787 352 Gall.
802 294 831 364 4,
847 294 875 368 9,
890 293 918 352 8.
933 321 978 333 -
997 289 1147 350 Masurius

140 384 261 445 Servius
272 379 424 461 Sulpicius
437 383 614 462 religionem
668 428 675 441 .
690 428 697 441 .
712 426 719 441 .
734 379 861 439 Sabinus
876 371 1147 457 ...‘Religicsum'‚

138 492 203 534 esse
229 474 341 533 dictem
367 472 506 549 tradidit,
537 471 614 548 quiae
668 470 778 545 inquit,
816 461 873 528 ‘est
909 469 987 545 quod
1023 471 1148 544 propter

137 563 261 638 propter
275 561 466 622 sanctitatem
482 561 614 638 aliquam
670 557 860 618 sanctitatem
892 557 1023 634 aliquam
1051 576 1146 617 remo·

137 653 253 711 remota
276 669 311 710 ac
335 651 465 727 seposita
488 668 507 708 a
528 649 614 709 nobis
668 651 734 706 tum
763 665 798 706 ao
826 645 988 722 sepositum
1015 665 1033 705 a
1060 646 1149 705 nobis

138 741 192 813 sit,
236 739 320 816 qnasi
363 757 380 798 a
420 737 614 816 relinquendo
669 739 729 813 ost,
757 735 882 795 verbum
909 752 927 792 a
953 732 1149 812 relinquendo

138 829 230 905 dicta,
257 832 292 887 ut
322 846 341 886 a
368 827 494 887 carendo
523 827 615 886 caeri-
670 825 794 902 dictum,
833 826 976 900 tanquam
1009 823 1150 882 caerimo-

138 917 244 976 moniu.
670 915 738 973 niae
761 931 780 971 a
802 904 949 971 carendo'.

227 1077 408 1136 quamquam
428 1058 563 1118 Servium
582 1041 727 1117 Macrobii
746 1073 846 1114 errore
866 1052 968 1143 Sabini
987 1053 1051 1112 loco
1070 1051 1150 1128 posi-

140 1153 204 1208 tum
229 1166 292 1207 esse
317 1145 458 1207 Huschke
481 1167 508 1222 p.
526 1149 565 1207 93
586 1148 649 1204 n.7
673 1144 790 1205 conicit.

232 1251 314 1316 Ofilii
351 1272 468 1330 quoque
504 1253 650 1313 rationem
685 1251 809 1328 babuit;
850 1248 1031 1327 Pomponius
1068 1247 1148 1307 enim

139 1343 176 1400 D.
193 1344 246 1420 45,
263 1345 291 1419 3,
307 1345 325 1403 6
349 1343 455 1402 tradit:
479 1336 595 1400 ‘Ofilius
617 1383 669 1400 ...
692 1341 813 1400 dicebat
831 1383 838 1398 .
853 1385 860 1399 .
875 1382 883 1399 .
901 1357 978 1415 quae
1002 1335 1152 1396 sententia

140 1433 172 1490 et
270 1430 373 1489 Sabini
396 1423 526 1508 dicitur’,
555 1433 586 1488 et
608 1429 655 1488 his
679 1429 794 1488 duobus
816 1427 993 1506 fragmentis
1016 1426 1096 1484 inter
1118 1442 1151 1484 se

140 1519 259 1579 collatis
279 1519 423 1579 Sabinum
446 1519 537 1578 etiam
560 1518 590 1576 in
610 1517 786 1592 definiendo,
809 1517 875 1594 quis
895 1516 1060 1592 morbosus,
1083 1513 1151 1590 quis

140 1625 231 1667 sanus
254 1611 344 1679 esset,
369 1604 491 1666 Ofilium
514 1610 651 1666 secutum
675 1623 738 1664 esse
761 1607 895 1682 apparet.

184 1749 218 1809 D.
240 1752 289 1820 21,
311 1750 454 1826 1,10p1·.
481 1745 551 1824 Ulp.
578 1778 614 1790 -
718 1745 948 1825 Ge11.4,2,15.
974 1779 1011 1789 -
1038 1743 1151 1809 <Verba

137 1836 297 1899 ...Ofilius
309 1837 361 1914 ait,
376 1836 401 1895 si
415 1836 528 1896 bomini
542 1835 618 1914 digi·
672 1835 796 1895 Masurii
820 1835 922 1896 Sabini
950 1839 1074 1914 apposni
1098 1884 1104 1897 .
1119 1880 1127 1897 .
1143 1885 1148 1896 .

138 1932 188 1987 tus
220 1927 261 1986 sit
290 1925 424 1985 abscisus
455 1925 617 1984 membrive
672 1925 815 1984 Furiosus
826 1928 964 1986 mutusve
976 1926 1062 1987 cuive
1072 1927 1151 2004 quod

139 2016 210 2093 quid
219 2015 393 2092 laceratum,
401 2013 537 2091 quemvis
549 2033 616 2074 con·
671 2014 839 2073 membrum
865 2015 996 2075 lacerum
1024 2016 1150 2075 laesum·

139 2105 298 2176 sanaverit,
321 2103 346 2162 si
371 2106 472 2163 tamen
495 2105 532 2162 ob
551 2121 617 2163 eam
672 2122 730 2179 que
753 2105 800 2163 est
820 2106 873 2162 aut
891 2103 985 2183 obest,
1008 2124 1067 2180 qno
1086 2107 1149 2180 ipse

138 2211 203 2252 rem
217 2211 251 2252 eo
266 2192 365 2252 minus
379 2192 425 2250 uti
439 2191 542 2268 possit,
557 2211 617 2252 non
671 2193 770 2252 minus
806 2196 894 2269 aptus
929 2193 981 2271 sit,
1019 2195 1150 2254 morbosi

139 2281 235 2341 videri
258 2299 361 2340 sanum
385 2298 457 2341 osse.
671 2275 761 2341 sunt’.

226 2422 284 2481 Vel
320 2423 521 2483 Labeonem
558 2424 677 2499 saepius
709 2428 829 2483 secutus
860 2429 907 2485 est
938 2417 1066 2507 (Labeo

140 2514 230 2588 putat
327 2511 407 2589 quod
435 2514 465 2570 et
563 2510 708 2570 Sabinum
733 2511 921 2586 respondisse
943 2514 1082 2573 Minicius
1104 2533 1149 2573 re-

138 2593 208 2660 lert'
232 2600 334 2674 D.19,
352 2603 379 2676 1,
395 2601 423 2676 6,
438 2602 466 2658 4.
518 2593 630 2659 ‘Labeo
654 2604 684 2658 et
707 2598 834 2658 Sabinus
856 2595 977 2677 putant'
1004 2602 1038 2659 D.
1055 2605 1104 2679 19,
1121 2606 1148 2679 1,
1227 2629 1231 2636 ·

123 2693 190 2765 11,
205 2691 233 2750 3.
274 2683 385 2748 ‘Labeo
409 2691 440 2747 et
463 2687 590 2747 Sabinus
614 2679 712 2746 aiunt'
735 2687 770 2746 D.
785 2689 836 2763 41,
854 2691 881 2765 1,
897 2690 948 2748 28.
984 2683 1095 2750 ‘Labeo
1118 2694 1150 2750 et

138 2778 266 2838 Sabinus
290 2769 476 2837 existimant'
494 2777 530 2835 D.
546 2778 597 2851 50,
615 2779 664 2854 16,
682 2778 776 2852 ldpr.
815 2770 926 2836 ‘Labeo
945 2775 1072 2836 Sabinus
1097 2823 1147 2840 ...

137 2859 352 2945 probaverunt’
381 2866 415 2925 D.
436 2867 488 2940 36,
508 2868 536 2942 2,
558 2868 607 2941 12,
628 2871 656 2925 1.
707 2858 848 2925 ‘Sabinus
880 2865 924 2925 ait
946 2913 952 2927 .
973 2909 980 2926 .
1000 2914 1006 2928 .
1029 2866 1086 2928 hoc
1117 2869 1149 2926 et

137 2949 250 3016 Labeo'
274 2955 309 3014 D.
326 2957 376 3033 28,
392 2956 421 3028 5,
438 2957 532 3030 llpr.
571 2948 711 3014 ‘Sabinus
734 2953 892 3033 consentit,
915 2958 946 3016 et
968 2957 1012 3014 ita
1033 2949 1147 3015 Labeo’

138 3045 173 3104 D.
191 3045 399 3122 43,14,1,7.
436 3044 717 3121 cf.D.'l,1,15,3
743 3046 773 3103 et
793 3037 990 3125 7,1,23‚1),
1013 3063 1147 3104 nonnun-

137 3152 229 3210 quam
255 3152 326 3193 rero
350 3132 472 3210 reliquit
495 3125 623 3214 (‘Labeo
647 3131 751 3191 scribit
774 3175 840 3207 ...,
869 3133 921 3192 sed
944 3132 1071 3192 Sabinus

81 3263 85 3270 ·
137 3217 303 3298 respondit'
322 3221 357 3280 D.
373 3223 402 3299 2,
418 3223 468 3298 13,
483 3224 513 3295 4,
529 3223 558 3280 2.
595 3213 707 3279 ‘Labeo
727 3264 733 3278 .
749 3263 769 3296 .,
789 3219 916 3280 Sabinus
934 3213 1052 3280 autem'
1067 3221 1102 3280 D.
1118 3225 1147 3298 3,

139 3313 168 3386 3,
182 3313 235 3386 43,
251 3313 278 3371 fi.
325 3304 438 3370 ‘Labeo
461 3310 505 3368 ait
602 3309 731 3386 vel...,
754 3310 790 3366 ut
812 3307 938 3369 Sabinus
966 3304 1021 3370 ait'
1043 3309 1079 3370 D.
1095 3313 1147 3389 47,

141 3394 280 3477 2,1pr.).
323 3398 574 3476 quemadmodum
597 3396 723 3456 Sabinus
747 3396 946 3457 definitionem
969 3418 987 3458 a
1009 3400 1147 3460 Labeone

138 3486 321 3561 propositam
345 3487 580 3563 amplificaverit,
603 3485 788 3544 luculentum
812 3487 978 3562 exemplum
1002 3489 1101 3550 docet:

881 3585 934 3638 21*
