2512 3888
411 175 436 225 2.
462 165 649 224 masculus
669 167 822 225 SABINUS
920 237 922 243 Ι
1057 169 1123 236 391

108 335 309 417 cognitionem
342 335 488 399 adiectam
515 339 639 412 propter
665 353 716 398 eos
743 329 806 412 qui'
834 340 866 396 et
892 358 919 414 q.
944 357 966 398 s.
993 338 1027 397 P.
1056 341 1121 400 577

109 423 206 489 ‘Adeo
238 428 334 486 morte
366 424 439 485 socii
472 423 600 484 solvitur
633 424 774 499 societas,
811 427 846 484 ut
877 443 931 486 nec
963 427 1000 488 eb
1032 428 1119 488 initio

108 515 220 595 pacisci
238 515 397 592 possimus,
419 515 454 572 ut
476 514 563 573 heres
582 511 675 574 etiam
694 512 833 572 succedat
850 514 993 576 societati.
1031 517 1118 578 haec

108 608 163 667 ita
176 605 207 664 in
221 603 349 680 priuatis
363 601 557 663 societatibus
572 596 644 660 ait’.
672 601 739 661 aliis
749 601 822 662 locis
832 619 900 662 cum
909 602 983 664 iuris
993 607 1122 667 consulti

107 694 228 756 nomine
237 692 269 751 id
278 710 396 769 quoque
405 691 540 767 verbum,
551 708 587 750 ex
596 709 655 766 quo
665 691 764 750 totum
772 690 959 752 enuntiatum
968 694 1119 772 penderet,

108 785 242 846 deletum
264 785 318 841 est.
359 779 445 840 cuius
474 780 519 839 rei
541 779 678 855 exempla
705 781 776 840 sunt
798 778 883 840 haec:
910 779 943 842 P.
967 777 1047 844 396b
1075 779 1120 844 ‘Si

109 873 208 932 Titius
223 873 254 930 et
269 869 356 929 Seius
370 869 533 945 separatim
546 867 591 927 ita
604 867 742 943 stipulati
757 871 868 929 essent:
884 868 1010 929 fundum
1024 872 1119 947 illum,

109 961 136 1023 si
171 959 218 1020 illi
254 977 315 1020 non
346 958 478 1033 dederis,
515 956 588 1017 mihi
620 957 691 1016 dare
728 955 875 1034 spondes?
910 958 999 1018 finem
1031 959 1122 1022 dandi

106 1049 197 1112 alteri
219 1048 294 1126 iore,
316 1046 415 1124 quoad
437 1045 582 1108 iudicium
605 1045 801 1125 acciperetur,
826 1049 857 1106 et
879 1046 946 1106 ideo
974 1065 1119 1125 occupan-

108 1141 148 1200 tis
179 1139 243 1198 fore
275 1129 443 1197 actionem'.
499 1135 531 1197 P.
560 1137 624 1195 404
655 1127 815 1196 ‘Minorem
847 1135 932 1197 annis
965 1136 1122 1198 duodecim

106 1230 235 1305 nuptam
260 1228 333 1286 tunc
361 1225 530 1303 legitimam
557 1241 683 1283 uxorem
709 1224 786 1302 fore,
819 1219 896 1284 cum¹
915 1225 994 1300 apud
1022 1227 1121 1288 vuum

107 1406 135 1466 si
165 1405 197 1464 in
228 1403 429 1480 quinquennio
458 1401 593 1478 proximo
621 1401 702 1461 Titio
734 1401 814 1462 filius
845 1406 935 1462 natus
964 1421 1024 1464 non
1052 1405 1119 1485 erit,

106 1497 174 1553 tum
196 1492 298 1552 decem
321 1490 409 1552 Seiae
431 1492 516 1550 heres
539 1491 625 1564 dato,
648 1488 674 1548 si
697 1490 795 1550 Titius
819 1494 888 1550 ante
911 1495 1048 1553 mortuus
1072 1494 1120 1572 414,

107 1599 168 1642 nou
196 1581 299 1640 stetim
327 1579 413 1640 Seiae
436 1578 538 1640 decem
568 1577 679 1652 deberi,
706 1578 778 1655 quia
804 1579 853 1639 hic
880 1581 1025 1642 articulus
1052 1585 1119 1644 tum

107 1669 235 1730 extremi
252 1668 449 1746 quinquennii
472 1671 592 1744 tempus
611 1659 780 1742 significat'.
820 1666 853 1726 P.
872 1669 936 1729 428
957 1662 1000 1729 ‘Si
1018 1689 1120 1733 eman·

107 1758 226 1835 cipetus
252 1757 334 1818 filius
361 1756 465 1833 nepoti
486 1756 518 1815 iu
543 1757 693 1832 potestate
716 1755 765 1816 441
787 1755 892 1816 relicto
915 1758 954 1817 ab
977 1763 1119 1823 extraneo

107 1846 217 1907 herede
237 1845 497 1906 fideicommissum
514 1843 721 1922 hereditatem,
742 1844 768 1904 si
786 1843 933 1907 liberatus
952 1849 1001 1908 avi
1018 1852 1119 1924 potee-

106 1939 172 1996 tate
194 1935 314 2008 fuisset,
344 1934 528 2011 reliquisset,
550 1933 576 1994 41
600 1937 756 2010 suspectus
779 1952 853 1994 avus
877 1933 917 1994 414
939 1937 1026 2013 quasi
1048 1957 1118 1999 con-

107 2027 284 2100 sumpturus
311 2022 391 2084 bona
416 2022 548 2101 nepotis,
578 2040 638 2083 non
665 2040 729 2082 esse
758 2022 785 2082 ei
812 2022 942 2084 dandam
970 2025 1117 2088 bonorum

106 2106 343 2192 possessionem'.
395 2112 426 2172 P.
450 2114 514 2173 442
548 2106 593 2171 ‘Si
624 2130 715 2190 grege
747 2111 846 2190 legato
878 2113 981 2192 aliqua
1010 2135 1119 2192 pecora

106 2202 176 2265 vivo
203 2203 349 2262 testatore
376 2204 496 2263 mortua
522 2203 623 2262 essent
649 2200 681 2260 in
709 2219 871 2279 eorumque
895 2202 994 2263 locum
1017 2205 1120 2282 aliqua

106 2294 209 2352 essent
230 2290 404 2368 substitute,
428 2291 555 2352 eundem
571 2308 693 2369 gregem
708 2288 811 2366 videri,
834 2295 865 2351 et
883 2291 909 2351 si
928 2293 1118 2356 deminutum

107 2398 144 2439 ex
167 2397 201 2438 eo
224 2397 317 2456 grege
339 2398 431 2456 pecus
454 2383 534 2440 esset
556 2383 588 2439 et
608 2379 659 2440 441
676 2397 754 2438 unus
772 2378 825 2440 bos
845 2387 1023 2462 superesset,
1047 2403 1117 2444 eum

107 2466 255 2530 vindicari
273 2486 368 2545 posse,
387 2469 524 2546 quamvis
543 2486 616 2546 grex
633 2466 760 2526 desisset
776 2485 849 2545 esse,
868 2472 1119 2546 quemadmodum

106 2557 207 2617 insula
232 2557 349 2634 legata,
376 2556 403 2616 si
430 2557 587 2618 combusta
615 2557 706 2633 esset,
733 2573 804 2615 area
830 2556 925 2630 possit
952 2554 1118 2622 vindicari'.

107 2645 142 2709 P.
160 2647 226 2708 454
254 2638 310 2704 ‘Ex
338 2644 415 2706 41144
439 2645 553 2704 caedua
577 2643 757 2720 pedamenta
780 2645 811 2702 et
832 2662 930 2706 ramos
953 2665 991 2707 ex
1011 2649 1119 2709 arbore

104 2733 365 2796 usufructuarium
396 2737 600 2810 sumpturum,
635 2750 671 2792 ex
701 2750 762 2794 nou
793 2732 906 2791 caedua
936 2734 968 2794 in
999 2737 1119 2796 vineam

105 2825 313 2900 sumpturum,
339 2824 410 2889 dum
431 2840 470 2882 ne
492 2822 618 2882 fundum
641 2819 820 2882 deteriorem
842 2816 954 2886 faciat'.
1000 2823 1033 2885 P.
1052 2827 1116 2886 456

108 2907 153 2972 ‘Si
176 2913 298 2974 arbores
320 2915 411 2976 vento
435 2912 565 2973 deiectas
590 2909 726 2970 domiuus
749 2929 808 2970 non
831 2911 933 2991 tollat,
961 2932 1015 2990 per
1037 2914 1117 2990 quod

104 3001 320 3062 incommodior
345 3002 372 3062 is
400 3001 440 3062 sit
461 3002 652 3062 ususfructus
679 3000 728 3060 441
754 2999 826 3078 iter,
855 3000 918 3060 suis
946 3002 1116 3064 actionibus

105 3091 333 3152 usufructuario
365 3111 433 3152 cum
460 3110 494 3151 eo
524 3081 756 3167 experiendum'.
807 3088 838 3150 P.
863 3091 926 3151 459
956 3083 1000 3150 ‘Si
1028 3111 1115 3152 areae

105 3179 297 3240 ususfructus
324 3180 445 3257 legatus
472 3179 513 3240 sit
539 3178 626 3253 mihi,
661 3194 748 3253 posse
777 3197 823 3238 me
846 3196 946 3238 cesam
969 3180 1012 3239 ibi
1034 3182 1115 3241 aedi-

105 3267 195 3328 ficare
222 3269 376 3330 custodiae
404 3287 495 3329 causa
523 3285 626 3327 earum
652 3284 761 3344 rerum,
789 3285 864 3344 quae
886 3268 918 3326 in
942 3287 1012 3329 area
1035 3264 1117 3331 sint'.

104 3355 141 3418 P.
159 3359 222 3416 477
243 3350 286 3416 ‘Si
305 3358 349 3418 144
367 3358 408 3418 414
426 3358 586 3435 scripturn:
610 3354 736 3432 Stichus,
760 3355 787 3414 si
804 3356 935 3417 rationes
955 3357 1116 3435 diligenter

104 3447 251 3506 tractasse
274 3446 439 3524 ridebitur,
465 3447 542 3506 liber
565 3447 642 3519 esto,
669 3442 856 3522 diligentiam
879 3445 1115 3528 desiderandam,

105 3549 183 3610 quae
211 3534 338 3609 domiuo,
365 3553 425 3594 uon
448 3554 523 3613 quae
547 3552 632 3595 seruo
663 3533 721 3593 erit
743 3533 836 3614 utilis,
864 3536 1023 3598 coniuncta
1044 3538 1116 3600 fidei
