<?xml version="1.0" encoding="UTF-8"?>
<!DOCTYPE html PUBLIC "-//W3C//DTD XHTML 1.0 Transitional//EN"
    "http://www.w3.org/TR/xhtml1/DTD/xhtml1-transitional.dtd">
<html xmlns="http://www.w3.org/1999/xhtml" xml:lang="en" lang="en">
 <head>
  <title>
</title>
<meta http-equiv="Content-Type" content="text/html;charset=utf-8" />
  <meta name='ocr-system' content='tesseract 3.04.00' />
  <meta name='ocr-capabilities' content='ocr_page ocr_carea ocr_par ocr_line ocrx_word'/>
</head>
<body>
  <div class='ocr_page' id='page_1' title='image "./iurisprudentiae04bremgoog_0491.png"; bbox 0 0 2508 3896; ppageno 0'>
   <div class='ocr_carea' id='block_1_1' title="bbox 399 199 1108 265">
    <p class='ocr_par' dir='ltr' id='par_1_1' title="bbox 399 199 1108 265">
     <span class='ocr_line' id='line_1_1' title="bbox 399 199 1108 265; baseline 0 -9"><span class='ocrx_word' id='word_1_1' title='bbox 399 207 423 256; x_wconf 81' lang='lat'><strong>2.</strong></span> <span class='ocrx_word' id='word_1_2' title='bbox 449 200 634 257; x_wconf 70' lang='lat' dir='ltr'><strong>Mssssws</strong></span> <span class='ocrx_word' id='word_1_3' title='bbox 653 199 804 257; x_wconf 79' lang='lat' dir='ltr'>SABINUS</span> <span class='ocrx_word' id='word_1_4' title='bbox 1042 199 1108 265; x_wconf 82' lang='lat'><strong>503</strong></span> 
     </span>
    </p>
   </div>
   <div class='ocr_carea' id='block_1_2' title="bbox 92 364 1110 3645">
    <p class='ocr_par' dir='ltr' id='par_1_2' title="bbox 92 364 1110 3645">
     <span class='ocr_line' id='line_1_2' title="bbox 97 364 1109 449; baseline -0.001 -19"><span class='ocrx_word' id='word_1_5' title='bbox 97 388 186 431; x_wconf 89' lang='lat' dir='ltr'><strong>sexus</strong></span> <span class='ocrx_word' id='word_1_6' title='bbox 218 369 427 448; x_wconf 90' lang='lat' dir='ltr'><strong>inpuberibns,</strong></span> <span class='ocrx_word' id='word_1_7' title='bbox 458 364 614 449; x_wconf 84' lang='lat' dir='ltr'><strong>&lt;feminini</strong></span> <span class='ocrx_word' id='word_1_8' title='bbox 646 371 745 429; x_wconf 89' lang='lat' dir='ltr'><strong>autem</strong></span> <span class='ocrx_word' id='word_1_9' title='bbox 779 387 866 428; x_wconf 88' lang='lat' dir='ltr'><strong>sexus</strong></span> <span class='ocrx_word' id='word_1_10' title='bbox 895 368 1109 447; x_wconf 75' lang='lat' dir='ltr'><strong>cuiuscumque</strong></span> 
     </span>
     <span class='ocr_line' id='line_1_3' title="bbox 98 454 1107 538; baseline 0 -20"><span class='ocrx_word' id='word_1_11' title='bbox 98 459 207 520; x_wconf 79' lang='lat' dir='ltr'><strong>aetatis</strong></span> <span class='ocrx_word' id='word_1_12' title='bbox 235 459 311 538; x_wconf 90' lang='lat' dir='ltr'><strong>sint,</strong></span> <span class='ocrx_word' id='word_1_13' title='bbox 338 462 369 519; x_wconf 91' lang='lat' dir='ltr'><strong>et</strong></span> <span class='ocrx_word' id='word_1_14' title='bbox 392 463 463 520; x_wconf 91' lang='lat' dir='ltr'><strong>tuno</strong></span> <span class='ocrx_word' id='word_1_15' title='bbox 486 454 626 538; x_wconf 86' lang='lat' dir='ltr'><strong>quo&gt;que</strong></span> <span class='ocrx_word' id='word_1_16' title='bbox 652 477 719 516; x_wconf 91' lang='lat' dir='ltr'><strong>oum</strong></span> <span class='ocrx_word' id='word_1_17' title='bbox 742 461 855 534; x_wconf 88' lang='lat' dir='ltr'><strong>nuptee</strong></span> <span class='ocrx_word' id='word_1_18' title='bbox 878 459 945 518; x_wconf 89' lang='lat' dir='ltr'><strong>sint.</strong></span> <span class='ocrx_word' id='word_1_19' title='bbox 991 461 1107 520; x_wconf 82' lang='lat' dir='ltr'><strong>veteres</strong></span> 
     </span>
     <span class='ocr_line' id='line_1_4' title="bbox 98 547 1108 625; baseline -0.002 -17"><span class='ocrx_word' id='word_1_20' title='bbox 98 548 178 608; x_wconf 89' lang='lat' dir='ltr'><strong>enim</strong></span> <span class='ocrx_word' id='word_1_21' title='bbox 209 549 370 608; x_wconf 87' lang='lat' dir='ltr'><strong>voluerunt</strong></span> <span class='ocrx_word' id='word_1_22' title='bbox 401 547 540 624; x_wconf 86' lang='lat' dir='ltr'><strong>feminas,</strong></span> <span class='ocrx_word' id='word_1_23' title='bbox 573 547 693 606; x_wconf 84' lang='lat' dir='ltr'><strong>etiamsi</strong></span> <span class='ocrx_word' id='word_1_24' title='bbox 723 547 873 623; x_wconf 75' lang='lat' dir='ltr'><strong>perfectae</strong></span> <span class='ocrx_word' id='word_1_25' title='bbox 903 547 1012 607; x_wconf 87' lang='lat' dir='ltr'><strong>aetatis</strong></span> <span class='ocrx_word' id='word_1_26' title='bbox 1039 547 1108 625; x_wconf 79' lang='lat' dir='ltr'><strong>sint,</strong></span> 
     </span>
     <span class='ocr_line' id='line_1_5' title="bbox 161 634 1107 714; baseline -0.001 -17.062"><span class='ocrx_word' id='word_1_27' title='bbox 161 637 194 696; x_wconf 94' lang='lat' dir='ltr'><strong>in</strong></span> <span class='ocrx_word' id='word_1_28' title='bbox 212 638 310 696; x_wconf 89' lang='lat' dir='ltr'><strong>tutela</strong></span> <span class='ocrx_word' id='word_1_29' title='bbox 327 655 399 697; x_wconf 91' lang='lat' dir='ltr'><strong>esse.</strong></span> <span class='ocrx_word' id='word_1_30' title='bbox 440 637 542 713; x_wconf 89' lang='lat' dir='ltr'><strong>itaque</strong></span> <span class='ocrx_word' id='word_1_31' title='bbox 562 636 587 695; x_wconf 86' lang='lat' dir='ltr'><strong>si</strong></span> <span class='ocrx_word' id='word_1_32' title='bbox 606 637 673 714; x_wconf 88' lang='lat' dir='ltr'><strong>quis</strong></span> <span class='ocrx_word' id='word_1_33' title='bbox 691 635 754 694; x_wconf 85' lang='lat' dir='ltr'><strong>filio</strong></span> <span class='ocrx_word' id='word_1_34' title='bbox 772 634 909 711; x_wconf 76' lang='lat' dir='ltr'><strong>ibaeque</strong></span> <span class='ocrx_word' id='word_1_35' title='bbox 927 638 1107 696; x_wconf 85' lang='lat' dir='ltr'><strong>testamento</strong></span> 
     </span>
     <span class='ocr_line' id='line_1_6' title="bbox 97 724 1107 805; baseline -0.001 -19"><span class='ocrx_word' id='word_1_36' title='bbox 97 729 230 787; x_wconf 90' lang='lat' dir='ltr'><strong>tutorem</strong></span> <span class='ocrx_word' id='word_1_37' title='bbox 249 725 372 805; x_wconf 75' lang='lat' dir='ltr'><strong>dederit,</strong></span> <span class='ocrx_word' id='word_1_38' title='bbox 391 728 422 786; x_wconf 91' lang='lat' dir='ltr'><strong>et</strong></span> <span class='ocrx_word' id='word_1_39' title='bbox 440 725 528 785; x_wconf 89' lang='lat' dir='ltr'><strong>ambo</strong></span> <span class='ocrx_word' id='word_1_40' title='bbox 547 724 585 785; x_wconf 84' lang='lat' dir='ltr'><strong>ud</strong></span> <span class='ocrx_word' id='word_1_41' title='bbox 603 725 793 800; x_wconf 75' lang='lat' dir='ltr'><strong>pubertatem</strong></span> <span class='ocrx_word' id='word_1_42' title='bbox 809 724 1007 805; x_wconf 80' lang='lat' dir='ltr'><strong>pervenerint,</strong></span> <span class='ocrx_word' id='word_1_43' title='bbox 1025 725 1107 785; x_wconf 88' lang='lat' dir='ltr'><strong>fflius</strong></span> 
     </span>
     <span class='ocr_line' id='line_1_7' title="bbox 96 812 1109 891; baseline 0 -17"><span class='ocrx_word' id='word_1_44' title='bbox 96 815 220 891; x_wconf 90' lang='lat' dir='ltr'><strong>quidem</strong></span> <span class='ocrx_word' id='word_1_45' title='bbox 243 813 352 874; x_wconf 81' lang='lat' dir='ltr'><strong>desinit</strong></span> <span class='ocrx_word' id='word_1_46' title='bbox 373 814 482 874; x_wconf 88' lang='lat' dir='ltr'><strong>habere</strong></span> <span class='ocrx_word' id='word_1_47' title='bbox 505 819 645 889; x_wconf 89' lang='lat' dir='ltr'><strong>tutorem,</strong></span> <span class='ocrx_word' id='word_1_48' title='bbox 668 812 731 871; x_wconf 86' lang='lat' dir='ltr'><strong>filia</strong></span> <span class='ocrx_word' id='word_1_49' title='bbox 753 831 823 872; x_wconf 88' lang='lat' dir='ltr'><strong>vero</strong></span> <span class='ocrx_word' id='word_1_50' title='bbox 845 812 941 872; x_wconf 91' lang='lat' dir='ltr'><strong>nihilo</strong></span> <span class='ocrx_word' id='word_1_51' title='bbox 959 813 1058 874; x_wconf 89' lang='lat' dir='ltr'><strong>minus</strong></span> <span class='ocrx_word' id='word_1_52' title='bbox 1076 813 1109 873; x_wconf 92' lang='lat' dir='ltr'><strong>in</strong></span> 
     </span>
     <span class='ocr_line' id='line_1_8' title="bbox 96 899 1109 980; baseline -0.002 -17"><span class='ocrx_word' id='word_1_53' title='bbox 96 904 196 964; x_wconf 85' lang='lat' dir='ltr'><strong>tutele</strong></span> <span class='ocrx_word' id='word_1_54' title='bbox 226 907 393 980; x_wconf 84' lang='lat' dir='ltr'><strong>permanet3</strong></span> <span class='ocrx_word' id='word_1_55' title='bbox 425 904 545 963; x_wconf 89' lang='lat' dir='ltr'><strong>tantum</strong></span> <span class='ocrx_word' id='word_1_56' title='bbox 577 901 656 962; x_wconf 89' lang='lat' dir='ltr'><strong>enim</strong></span> <span class='ocrx_word' id='word_1_57' title='bbox 687 920 723 960; x_wconf 87' lang='lat' dir='ltr'><strong>ex</strong></span> <span class='ocrx_word' id='word_1_58' title='bbox 754 902 823 979; x_wconf 82' lang='lat' dir='ltr'><strong>lege</strong></span> <span class='ocrx_word' id='word_1_59' title='bbox 850 899 929 960; x_wconf 87' lang='lat' dir='ltr'><strong>Iulia</strong></span> <span class='ocrx_word' id='word_1_60' title='bbox 957 904 988 961; x_wconf 92' lang='lat' dir='ltr'><strong>et</strong></span> <span class='ocrx_word' id='word_1_61' title='bbox 1014 902 1109 979; x_wconf 86' lang='lat' dir='ltr'><strong>Papia</strong></span> 
     </span>
     <span class='ocr_line' id='line_1_9' title="bbox 97 989 1109 1069; baseline -0.001 -19"><span class='ocrx_word' id='word_1_62' title='bbox 97 991 239 1069; x_wconf 88' lang='lat' dir='ltr'><strong>Poppaea</strong></span> <span class='ocrx_word' id='word_1_63' title='bbox 273 992 339 1051; x_wconf 89' lang='lat' dir='ltr'><strong>iure</strong></span> <span class='ocrx_word' id='word_1_64' title='bbox 374 991 535 1052; x_wconf 89' lang='lat' dir='ltr'><strong>liberorum</strong></span> <span class='ocrx_word' id='word_1_65' title='bbox 567 991 736 1050; x_wconf 89' lang='lat' dir='ltr'><strong>liberantur</strong></span> <span class='ocrx_word' id='word_1_66' title='bbox 765 989 903 1050; x_wconf 87' lang='lat' dir='ltr'><strong>feminae.</strong></span> <span class='ocrx_word' id='word_1_67' title='bbox 958 991 1109 1067; x_wconf 89' lang='lat' dir='ltr'><strong>loquimur</strong></span> 
     </span>
     <span class='ocr_line' id='line_1_10' title="bbox 97 1079 1108 1159; baseline -0.003 -18"><span class='ocrx_word' id='word_1_68' title='bbox 97 1083 201 1141; x_wconf 90' lang='lat' dir='ltr'><strong>autem</strong></span> <span class='ocrx_word' id='word_1_69' title='bbox 224 1081 354 1156; x_wconf 89' lang='lat' dir='ltr'><strong>exeeptis</strong></span> <span class='ocrx_word' id='word_1_70' title='bbox 376 1080 543 1159; x_wconf 80' lang='lat' dir='ltr'><strong>virginibus</strong></span> <span class='ocrx_word' id='word_1_71' title='bbox 566 1079 754 1158; x_wconf 70' lang='lat' dir='ltr'><strong>Vestalibus,</strong></span> <span class='ocrx_word' id='word_1_72' title='bbox 781 1097 854 1155; x_wconf 87' lang='lat' dir='ltr'><strong>quas</strong></span> <span class='ocrx_word' id='word_1_73' title='bbox 878 1079 966 1138; x_wconf 86' lang='lat' dir='ltr'><strong>etism</strong></span> <span class='ocrx_word' id='word_1_74' title='bbox 990 1082 1108 1138; x_wconf 85' lang='lat' dir='ltr'><strong>veteres</strong></span> 
     </span>
     <span class='ocr_line' id='line_1_11' title="bbox 94 1168 1108 1245; baseline -0.002 -16"><span class='ocrx_word' id='word_1_75' title='bbox 94 1169 129 1229; x_wconf 90' lang='lat' dir='ltr'><strong>in</strong></span> <span class='ocrx_word' id='word_1_76' title='bbox 149 1170 291 1230; x_wconf 86' lang='lat' dir='ltr'><strong>honorem</strong></span> <span class='ocrx_word' id='word_1_77' title='bbox 310 1169 470 1230; x_wconf 76' lang='lat' dir='ltr'><strong>sacerdotii</strong></span> <span class='ocrx_word' id='word_1_78' title='bbox 487 1169 597 1228; x_wconf 89' lang='lat' dir='ltr'><strong>liberas</strong></span> <span class='ocrx_word' id='word_1_79' title='bbox 617 1186 681 1228; x_wconf 90' lang='lat' dir='ltr'><strong>esse</strong></span> <span class='ocrx_word' id='word_1_80' title='bbox 700 1168 872 1243; x_wconf 82' lang='lat' dir='ltr'><strong>voluerunt3</strong></span> <span class='ocrx_word' id='word_1_81' title='bbox 895 1168 995 1245; x_wconf 87' lang='lat' dir='ltr'><strong>itaque</strong></span> <span class='ocrx_word' id='word_1_82' title='bbox 1014 1168 1108 1227; x_wconf 90' lang='lat' dir='ltr'><strong>etiam</strong></span> 
     </span>
     <span class='ocr_line' id='line_1_12' title="bbox 96 1256 1109 1336; baseline -0.001 -19"><span class='ocrx_word' id='word_1_83' title='bbox 96 1258 165 1336; x_wconf 82' lang='lat' dir='ltr'><strong>lege</strong></span> <span class='ocrx_word' id='word_1_84' title='bbox 178 1257 238 1318; x_wconf 89' lang='lat' dir='ltr'><strong>XII</strong></span> <span class='ocrx_word' id='word_1_85' title='bbox 255 1258 427 1318; x_wconf 89' lang='lat' dir='ltr'><strong>tabularum</strong></span> <span class='ocrx_word' id='word_1_86' title='bbox 442 1261 564 1317; x_wconf 90' lang='lat' dir='ltr'><strong>oautum</strong></span> <span class='ocrx_word' id='word_1_87' title='bbox 578 1259 632 1317; x_wconf 85' lang='lat' dir='ltr'><strong>est</strong></span> <span class='ocrx_word' id='word_1_88' title='bbox 668 1256 827 1334; x_wconf 88' lang='lat' dir='ltr'><strong>nepotibus</strong></span> <span class='ocrx_word' id='word_1_89' title='bbox 842 1259 941 1316; x_wconf 90' lang='lat' dir='ltr'><strong>autem</strong></span> <span class='ocrx_word' id='word_1_90' title='bbox 955 1257 1109 1332; x_wconf 89' lang='lat' dir='ltr'><strong>neptibus·</strong></span> 
     </span>
     <span class='ocr_line' id='line_1_13' title="bbox 96 1345 1110 1424; baseline -0.003 -17"><span class='ocrx_word' id='word_1_91' title='bbox 96 1366 155 1424; x_wconf 91' lang='lat' dir='ltr'><strong>que</strong></span> <span class='ocrx_word' id='word_1_92' title='bbox 177 1347 223 1407; x_wconf 84' lang='lat' dir='ltr'><strong>ite</strong></span> <span class='ocrx_word' id='word_1_93' title='bbox 244 1347 365 1406; x_wconf 91' lang='lat' dir='ltr'><strong>demum</strong></span> <span class='ocrx_word' id='word_1_94' title='bbox 384 1365 542 1424; x_wconf 89' lang='lat' dir='ltr'><strong>possumus</strong></span> <span class='ocrx_word' id='word_1_95' title='bbox 560 1349 740 1406; x_wconf 78' lang='lat' dir='ltr'><strong>testamento</strong></span> <span class='ocrx_word' id='word_1_96' title='bbox 759 1347 875 1405; x_wconf 91' lang='lat' dir='ltr'><strong>tutores</strong></span> <span class='ocrx_word' id='word_1_97' title='bbox 893 1345 973 1423; x_wconf 88' lang='lat' dir='ltr'><strong>dare,</strong></span> <span class='ocrx_word' id='word_1_98' title='bbox 996 1345 1110 1421; x_wconf 88' lang='lat' dir='ltr'><strong>sipost</strong></span> 
     </span>
     <span class='ocr_line' id='line_1_14' title="bbox 95 1434 1109 1517; baseline -0.001 -23"><span class='ocrx_word' id='word_1_99' title='bbox 95 1438 226 1496; x_wconf 88' lang='lat' dir='ltr'><strong>mortem</strong></span> <span class='ocrx_word' id='word_1_100' title='bbox 257 1439 391 1496; x_wconf 88' lang='lat' dir='ltr'><strong>nostram</strong></span> <span class='ocrx_word' id='word_1_101' title='bbox 422 1436 454 1494; x_wconf 91' lang='lat' dir='ltr'><strong>in</strong></span> <span class='ocrx_word' id='word_1_102' title='bbox 485 1435 582 1513; x_wconf 86' lang='lat' dir='ltr'><strong>patris</strong></span> <span class='ocrx_word' id='word_1_103' title='bbox 610 1434 657 1517; x_wconf 86' lang='lat' dir='ltr'><strong>sui</strong></span> <span class='ocrx_word' id='word_1_104' title='bbox 684 1435 867 1511; x_wconf 87' lang='lat' dir='ltr'><strong>potestatem</strong></span> <span class='ocrx_word' id='word_1_105' title='bbox 893 1434 1025 1494; x_wconf 87' lang='lat' dir='ltr'><strong>reoasuri</strong></span> <span class='ocrx_word' id='word_1_106' title='bbox 1048 1453 1109 1493; x_wconf 90' lang='lat' dir='ltr'><strong>non</strong></span> 
     </span>
     <span class='ocr_line' id='line_1_15' title="bbox 96 1522 1109 1602; baseline -0.002 -18"><span class='ocrx_word' id='word_1_107' title='bbox 96 1524 167 1586; x_wconf 86' lang='lat' dir='ltr'><strong>sint.</strong></span> <span class='ocrx_word' id='word_1_108' title='bbox 207 1526 311 1602; x_wconf 88' lang='lat' dir='ltr'><strong>itaque</strong></span> <span class='ocrx_word' id='word_1_109' title='bbox 335 1525 361 1584; x_wconf 88' lang='lat' dir='ltr'><strong>si</strong></span> <span class='ocrx_word' id='word_1_110' title='bbox 382 1524 463 1584; x_wconf 85' lang='lat' dir='ltr'><strong>filius</strong></span> <span class='ocrx_word' id='word_1_111' title='bbox 485 1543 571 1584; x_wconf 86' lang='lat' dir='ltr'><strong>meus</strong></span> <span class='ocrx_word' id='word_1_112' title='bbox 593 1522 698 1583; x_wconf 88' lang='lat' dir='ltr'><strong>mortis</strong></span> <span class='ocrx_word' id='word_1_113' title='bbox 721 1541 804 1581; x_wconf 85' lang='lat' dir='ltr'><strong>meae</strong></span> <span class='ocrx_word' id='word_1_114' title='bbox 822 1524 957 1599; x_wconf 91' lang='lat' dir='ltr'><strong>tempore</strong></span> <span class='ocrx_word' id='word_1_115' title='bbox 976 1522 1008 1582; x_wconf 94' lang='lat' dir='ltr'><strong>in</strong></span> <span class='ocrx_word' id='word_1_116' title='bbox 1025 1525 1109 1598; x_wconf 90' lang='lat' dir='ltr'><strong>pote-</strong></span> 
     </span>
     <span class='ocr_line' id='line_1_16' title="bbox 96 1613 1108 1693; baseline -0.001 -21"><span class='ocrx_word' id='word_1_117' title='bbox 96 1615 178 1673; x_wconf 80' lang='lat' dir='ltr'><strong>state</strong></span> <span class='ocrx_word' id='word_1_118' title='bbox 200 1632 268 1673; x_wconf 85' lang='lat' dir='ltr'><strong>mee</strong></span> <span class='ocrx_word' id='word_1_119' title='bbox 290 1613 339 1693; x_wconf 88' lang='lat' dir='ltr'><strong>sit,</strong></span> <span class='ocrx_word' id='word_1_120' title='bbox 361 1617 486 1690; x_wconf 85' lang='lat' dir='ltr'><strong>nepotes</strong></span> <span class='ocrx_word' id='word_1_121' title='bbox 509 1633 545 1672; x_wconf 89' lang='lat' dir='ltr'><strong>ex</strong></span> <span class='ocrx_word' id='word_1_122' title='bbox 568 1631 603 1672; x_wconf 89' lang='lat' dir='ltr'><strong>eo</strong></span> <span class='ocrx_word' id='word_1_123' title='bbox 626 1630 687 1671; x_wconf 92' lang='lat' dir='ltr'><strong>non</strong></span> <span class='ocrx_word' id='word_1_124' title='bbox 707 1613 852 1688; x_wconf 88' lang='lat' dir='ltr'><strong>poterunt</strong></span> <span class='ocrx_word' id='word_1_125' title='bbox 874 1629 910 1670; x_wconf 89' lang='lat' dir='ltr'><strong>ex</strong></span> <span class='ocrx_word' id='word_1_126' title='bbox 927 1613 1108 1672; x_wconf 82' lang='lat' dir='ltr'><strong>testamento</strong></span> 
     </span>
     <span class='ocr_line' id='line_1_17' title="bbox 94 1700 1109 1781; baseline -0.002 -20"><span class='ocrx_word' id='word_1_127' title='bbox 94 1721 163 1761; x_wconf 91' lang='lat' dir='ltr'><strong>meo</strong></span> <span class='ocrx_word' id='word_1_128' title='bbox 191 1703 299 1762; x_wconf 85' lang='lat' dir='ltr'><strong>habere</strong></span> <span class='ocrx_word' id='word_1_129' title='bbox 326 1705 472 1781; x_wconf 88' lang='lat' dir='ltr'><strong>tutorem,</strong></span> <span class='ocrx_word' id='word_1_130' title='bbox 503 1701 638 1779; x_wconf 83' lang='lat' dir='ltr'><strong>quamvis</strong></span> <span class='ocrx_word' id='word_1_131' title='bbox 666 1700 699 1759; x_wconf 92' lang='lat' dir='ltr'><strong>in</strong></span> <span class='ocrx_word' id='word_1_132' title='bbox 724 1702 873 1776; x_wconf 81' lang='lat' dir='ltr'><strong>potestate</strong></span> <span class='ocrx_word' id='word_1_133' title='bbox 897 1718 965 1759; x_wconf 87' lang='lat' dir='ltr'><strong>mea</strong></span> <span class='ocrx_word' id='word_1_134' title='bbox 986 1700 1109 1777; x_wconf 85' lang='lat' dir='ltr'><strong>fuerint,</strong></span> 
     </span>
     <span class='ocr_line' id='line_1_18' title="bbox 96 1787 1108 1869; baseline -0.001 -19"><span class='ocrx_word' id='word_1_135' title='bbox 96 1790 214 1850; x_wconf 77' lang='lat' dir='ltr'><strong>seilicet</strong></span> <span class='ocrx_word' id='word_1_136' title='bbox 232 1791 303 1869; x_wconf 90' lang='lat' dir='ltr'><strong>quia</strong></span> <span class='ocrx_word' id='word_1_137' title='bbox 320 1793 439 1851; x_wconf 87' lang='lat' dir='ltr'><strong>mortuo</strong></span> <span class='ocrx_word' id='word_1_138' title='bbox 458 1810 506 1851; x_wconf 90' lang='lat' dir='ltr'><strong>me</strong></span> <span class='ocrx_word' id='word_1_139' title='bbox 524 1791 557 1849; x_wconf 89' lang='lat' dir='ltr'><strong>in</strong></span> <span class='ocrx_word' id='word_1_140' title='bbox 574 1788 669 1866; x_wconf 85' lang='lat' dir='ltr'><strong>petris</strong></span> <span class='ocrx_word' id='word_1_141' title='bbox 688 1788 735 1848; x_wconf 88' lang='lat' dir='ltr'><strong>sui</strong></span> <span class='ocrx_word' id='word_1_142' title='bbox 753 1790 903 1864; x_wconf 75' lang='lat' dir='ltr'><strong>potestate</strong></span> <span class='ocrx_word' id='word_1_143' title='bbox 921 1787 1016 1848; x_wconf 83' lang='lat' dir='ltr'><strong>futuri</strong></span> <span class='ocrx_word' id='word_1_144' title='bbox 1030 1791 1108 1850; x_wconf 86' lang='lat' dir='ltr'><strong>sunt.</strong></span> 
     </span>
     <span class='ocr_line' id='line_1_19' title="bbox 94 1876 1110 1956; baseline -0.003 -17"><span class='ocrx_word' id='word_1_145' title='bbox 94 1897 167 1940; x_wconf 88' lang='lat' dir='ltr'><strong>eum</strong></span> <span class='ocrx_word' id='word_1_146' title='bbox 194 1882 295 1939; x_wconf 88' lang='lat' dir='ltr'><strong>tamen</strong></span> <span class='ocrx_word' id='word_1_147' title='bbox 322 1879 354 1939; x_wconf 93' lang='lat' dir='ltr'><strong>in</strong></span> <span class='ocrx_word' id='word_1_148' title='bbox 382 1879 575 1956; x_wconf 82' lang='lat' dir='ltr'><strong>conpluribus</strong></span> <span class='ocrx_word' id='word_1_149' title='bbox 603 1877 670 1938; x_wconf 79' lang='lat' dir='ltr'><strong>aliis</strong></span> <span class='ocrx_word' id='word_1_150' title='bbox 695 1877 794 1936; x_wconf 88' lang='lat' dir='ltr'><strong>eausis</strong></span> <span class='ocrx_word' id='word_1_151' title='bbox 816 1877 950 1952; x_wconf 89' lang='lat' dir='ltr'><strong>postumi</strong></span> <span class='ocrx_word' id='word_1_152' title='bbox 970 1896 1025 1953; x_wconf 90' lang='lat' dir='ltr'><strong>pro</strong></span> <span class='ocrx_word' id='word_1_153' title='bbox 1048 1876 1110 1937; x_wconf 88' lang='lat' dir='ltr'><strong>iam</strong></span> 
     </span>
     <span class='ocr_line' id='line_1_20' title="bbox 94 1965 1109 2046; baseline -0.002 -19"><span class='ocrx_word' id='word_1_154' title='bbox 94 1968 177 2028; x_wconf 89' lang='lat' dir='ltr'><strong>natis</strong></span> <span class='ocrx_word' id='word_1_155' title='bbox 191 1968 367 2046; x_wconf 75' lang='lat' dir='ltr'><strong>habeantur,</strong></span> <span class='ocrx_word' id='word_1_156' title='bbox 383 1972 414 2028; x_wconf 90' lang='lat' dir='ltr'><strong>et</strong></span> <span class='ocrx_word' id='word_1_157' title='bbox 426 1969 459 2027; x_wconf 91' lang='lat' dir='ltr'><strong>in</strong></span> <span class='ocrx_word' id='word_1_158' title='bbox 471 1970 528 2028; x_wconf 85' lang='lat' dir='ltr'><strong>hae</strong></span> <span class='ocrx_word' id='word_1_159' title='bbox 542 1985 634 2027; x_wconf 87' lang='lat' dir='ltr'><strong>eausa</strong></span> <span class='ocrx_word' id='word_1_160' title='bbox 646 1966 763 2044; x_wconf 86' lang='lat' dir='ltr'><strong>plaouit</strong></span> <span class='ocrx_word' id='word_1_161' title='bbox 775 1985 836 2026; x_wconf 90' lang='lat' dir='ltr'><strong>non</strong></span> <span class='ocrx_word' id='word_1_162' title='bbox 850 1965 948 2025; x_wconf 90' lang='lat' dir='ltr'><strong>minus</strong></span> <span class='ocrx_word' id='word_1_163' title='bbox 961 1965 1109 2042; x_wconf 87' lang='lat' dir='ltr'><strong>postumis</strong></span> 
     </span>
     <span class='ocr_line' id='line_1_21' title="bbox 94 2053 1108 2135; baseline -0.002 -19"><span class='ocrx_word' id='word_1_164' title='bbox 94 2075 187 2135; x_wconf 84' lang='lat' dir='ltr'><strong>quam</strong></span> <span class='ocrx_word' id='word_1_165' title='bbox 213 2057 273 2116; x_wconf 88' lang='lat' dir='ltr'><strong>iam</strong></span> <span class='ocrx_word' id='word_1_166' title='bbox 301 2058 380 2117; x_wconf 86' lang='lat' dir='ltr'><strong>natis</strong></span> <span class='ocrx_word' id='word_1_167' title='bbox 406 2059 588 2119; x_wconf 87' lang='lat' dir='ltr'><strong>testamento</strong></span> <span class='ocrx_word' id='word_1_168' title='bbox 613 2059 730 2116; x_wconf 89' lang='lat' dir='ltr'><strong>tutores</strong></span> <span class='ocrx_word' id='word_1_169' title='bbox 756 2054 822 2114; x_wconf 84' lang='lat' dir='ltr'><strong>dari</strong></span> <span class='ocrx_word' id='word_1_170' title='bbox 844 2072 945 2130; x_wconf 87' lang='lat' dir='ltr'><strong>posse,</strong></span> <span class='ocrx_word' id='word_1_171' title='bbox 972 2053 1108 2114; x_wconf 90' lang='lat' dir='ltr'><strong>simodo</strong></span> 
     </span>
     <span class='ocr_line' id='line_1_22' title="bbox 92 2143 1109 2224; baseline -0.002 -20"><span class='ocrx_word' id='word_1_172' title='bbox 92 2146 128 2204; x_wconf 91' lang='lat' dir='ltr'><strong>in</strong></span> <span class='ocrx_word' id='word_1_173' title='bbox 152 2164 188 2204; x_wconf 90' lang='lat' dir='ltr'><strong>ea</strong></span> <span class='ocrx_word' id='word_1_174' title='bbox 210 2164 300 2205; x_wconf 83' lang='lat' dir='ltr'><strong>eausa</strong></span> <span class='ocrx_word' id='word_1_175' title='bbox 322 2147 392 2224; x_wconf 88' lang='lat' dir='ltr'><strong>sint,</strong></span> <span class='ocrx_word' id='word_1_176' title='bbox 414 2149 450 2206; x_wconf 92' lang='lat' dir='ltr'><strong>ut</strong></span> <span class='ocrx_word' id='word_1_177' title='bbox 472 2147 499 2206; x_wconf 88' lang='lat' dir='ltr'><strong>si</strong></span> <span class='ocrx_word' id='word_1_178' title='bbox 516 2145 593 2207; x_wconf 82' lang='lat' dir='ltr'><strong>vivis</strong></span> <span class='ocrx_word' id='word_1_179' title='bbox 611 2145 697 2205; x_wconf 89' lang='lat' dir='ltr'><strong>nobis</strong></span> <span class='ocrx_word' id='word_1_180' title='bbox 715 2145 886 2221; x_wconf 82' lang='lat' dir='ltr'><strong>naseuntur,</strong></span> <span class='ocrx_word' id='word_1_181' title='bbox 909 2143 942 2202; x_wconf 94' lang='lat' dir='ltr'><strong>in</strong></span> <span class='ocrx_word' id='word_1_182' title='bbox 959 2146 1109 2219; x_wconf 88' lang='lat' dir='ltr'><strong>potestate</strong></span> 
     </span>
     <span class='ocr_line' id='line_1_23' title="bbox 93 2228 1109 2316; baseline -0.003 -22"><span class='ocrx_word' id='word_1_183' title='bbox 93 2238 201 2296; x_wconf 90' lang='lat' dir='ltr'><strong>nostra</strong></span> <span class='ocrx_word' id='word_1_184' title='bbox 226 2233 301 2294; x_wconf 86' lang='lat' dir='ltr'><strong>fiant</strong></span> <span class='ocrx_word' id='word_1_185' title='bbox 407 2228 537 2316; x_wconf 82' lang='lat' dir='ltr'><strong>&lt;uxori&gt;</strong></span> <span class='ocrx_word' id='word_1_186' title='bbox 564 2253 638 2310; x_wconf 87' lang='lat' dir='ltr'><strong>quae</strong></span> <span class='ocrx_word' id='word_1_187' title='bbox 666 2233 698 2293; x_wconf 89' lang='lat' dir='ltr'><strong>in</strong></span> <span class='ocrx_word' id='word_1_188' title='bbox 725 2252 818 2293; x_wconf 85' lang='lat' dir='ltr'><strong>manu</strong></span> <span class='ocrx_word' id='word_1_189' title='bbox 840 2234 898 2306; x_wconf 89' lang='lat' dir='ltr'><strong>est,</strong></span> <span class='ocrx_word' id='word_1_190' title='bbox 925 2231 1050 2309; x_wconf 88' lang='lat' dir='ltr'><strong>proinde</strong></span> <span class='ocrx_word' id='word_1_191' title='bbox 1074 2249 1109 2292; x_wconf 88' lang='lat' dir='ltr'><strong>ao</strong></span> 
     </span>
     <span class='ocr_line' id='line_1_24' title="bbox 93 2319 1109 2401; baseline -0.002 -18"><span class='ocrx_word' id='word_1_192' title='bbox 93 2323 186 2400; x_wconf 84' lang='lat' dir='ltr'><strong>filiae,</strong></span> <span class='ocrx_word' id='word_1_193' title='bbox 207 2323 281 2383; x_wconf 93' lang='lat' dir='ltr'><strong>item</strong></span> <span class='ocrx_word' id='word_1_194' title='bbox 303 2325 393 2383; x_wconf 89' lang='lat' dir='ltr'><strong>nurui</strong></span> <span class='ocrx_word' id='word_1_195' title='bbox 414 2343 491 2401; x_wconf 86' lang='lat' dir='ltr'><strong>quae</strong></span> <span class='ocrx_word' id='word_1_196' title='bbox 513 2326 545 2384; x_wconf 91' lang='lat' dir='ltr'><strong>in</strong></span> <span class='ocrx_word' id='word_1_197' title='bbox 567 2324 624 2384; x_wconf 88' lang='lat' dir='ltr'><strong>filii</strong></span> <span class='ocrx_word' id='word_1_198' title='bbox 641 2343 732 2382; x_wconf 86' lang='lat' dir='ltr'><strong>mnnu</strong></span> <span class='ocrx_word' id='word_1_199' title='bbox 751 2325 806 2398; x_wconf 83' lang='lat' dir='ltr'><strong>est,</strong></span> <span class='ocrx_word' id='word_1_200' title='bbox 828 2321 953 2398; x_wconf 91' lang='lat' dir='ltr'><strong>proinde</strong></span> <span class='ocrx_word' id='word_1_201' title='bbox 972 2340 1007 2381; x_wconf 85' lang='lat' dir='ltr'><strong>ao</strong></span> <span class='ocrx_word' id='word_1_202' title='bbox 1024 2319 1109 2397; x_wconf 86' lang='lat' dir='ltr'><strong>nepti</strong></span> 
     </span>
     <span class='ocr_line' id='line_1_25' title="bbox 92 2409 1106 2489; baseline -0.005 -16"><span class='ocrx_word' id='word_1_203' title='bbox 92 2414 182 2473; x_wconf 87' lang='lat' dir='ltr'><strong>tutor</strong></span> <span class='ocrx_word' id='word_1_204' title='bbox 204 2411 270 2471; x_wconf 89' lang='lat' dir='ltr'><strong>dari</strong></span> <span class='ocrx_word' id='word_1_205' title='bbox 291 2416 400 2489; x_wconf 84' lang='lat' dir='ltr'><strong>potest</strong></span> <span class='ocrx_word' id='word_1_206' title='bbox 435 2413 599 2473; x_wconf 77' lang='lat' dir='ltr'><strong>rectissime</strong></span> <span class='ocrx_word' id='word_1_207' title='bbox 623 2417 724 2472; x_wconf 90' lang='lat' dir='ltr'><strong>autem</strong></span> <span class='ocrx_word' id='word_1_208' title='bbox 743 2414 826 2470; x_wconf 90' lang='lat' dir='ltr'><strong>tutor</strong></span> <span class='ocrx_word' id='word_1_209' title='bbox 846 2409 888 2470; x_wconf 90' lang='lat' dir='ltr'><strong>sio</strong></span> <span class='ocrx_word' id='word_1_210' title='bbox 906 2409 973 2469; x_wconf 83' lang='lat' dir='ltr'><strong>dari</strong></span> <span class='ocrx_word' id='word_1_211' title='bbox 989 2412 1106 2486; x_wconf 86' lang='lat' dir='ltr'><strong>potest:</strong></span> 
     </span>
     <span class='ocr_line' id='line_1_26' title="bbox 93 2498 1106 2574; baseline -0.004 -14"><span class='ocrx_word' id='word_1_212' title='bbox 93 2501 130 2560; x_wconf 87' lang='lat' dir='ltr'><strong>L.</strong></span> <span class='ocrx_word' id='word_1_213' title='bbox 151 2499 265 2558; x_wconf 79' lang='lat' dir='ltr'><strong>Titium</strong></span> <span class='ocrx_word' id='word_1_214' title='bbox 286 2500 389 2561; x_wconf 90' lang='lat' dir='ltr'><strong>liberis</strong></span> <span class='ocrx_word' id='word_1_215' title='bbox 407 2502 481 2561; x_wconf 88' lang='lat' dir='ltr'><strong>meis</strong></span> <span class='ocrx_word' id='word_1_216' title='bbox 498 2505 633 2561; x_wconf 90' lang='lat' dir='ltr'><strong>tutorem</strong></span> <span class='ocrx_word' id='word_1_217' title='bbox 651 2501 689 2560; x_wconf 94' lang='lat' dir='ltr'><strong>do</strong></span> <span class='ocrx_word' id='word_1_218' title='bbox 709 2547 715 2559; x_wconf 91' lang='lat'><strong><em>.</em></strong></span> <span class='ocrx_word' id='word_1_219' title='bbox 734 2499 787 2559; x_wconf 90' lang='lat' dir='ltr'><strong>sed</strong></span> <span class='ocrx_word' id='word_1_220' title='bbox 805 2501 836 2558; x_wconf 90' lang='lat' dir='ltr'><strong>et</strong></span> <span class='ocrx_word' id='word_1_221' title='bbox 855 2499 881 2558; x_wconf 87' lang='lat' dir='ltr'><strong>si</strong></span> <span class='ocrx_word' id='word_1_222' title='bbox 898 2499 943 2558; x_wconf 88' lang='lat' dir='ltr'><strong>ita</strong></span> <span class='ocrx_word' id='word_1_223' title='bbox 961 2498 1106 2574; x_wconf 88' lang='lat' dir='ltr'><strong>seriptum</strong></span> 
     </span>
     <span class='ocr_line' id='line_1_27' title="bbox 94 2585 1108 2664; baseline -0.004 -14"><span class='ocrx_word' id='word_1_224' title='bbox 94 2589 154 2650; x_wconf 85' lang='lat' dir='ltr'><strong>sit:</strong></span> <span class='ocrx_word' id='word_1_225' title='bbox 177 2585 293 2648; x_wconf 84' lang='lat' dir='ltr'><strong>Liberis</strong></span> <span class='ocrx_word' id='word_1_226' title='bbox 315 2589 390 2648; x_wconf 89' lang='lat' dir='ltr'><strong>meis</strong></span> <span class='ocrx_word' id='word_1_227' title='bbox 411 2590 461 2650; x_wconf 87' lang='lat' dir='ltr'><strong>vel</strong></span> <span class='ocrx_word' id='word_1_228' title='bbox 481 2590 568 2648; x_wconf 90' lang='lat' dir='ltr'><strong>uxori</strong></span> <span class='ocrx_word' id='word_1_229' title='bbox 590 2608 674 2648; x_wconf 85' lang='lat' dir='ltr'><strong>meae</strong></span> <span class='ocrx_word' id='word_1_230' title='bbox 696 2587 796 2648; x_wconf 82' lang='lat' dir='ltr'><strong>Titius</strong></span> <span class='ocrx_word' id='word_1_231' title='bbox 818 2589 902 2647; x_wconf 86' lang='lat' dir='ltr'><strong>tutor</strong></span> <span class='ocrx_word' id='word_1_232' title='bbox 925 2589 1005 2664; x_wconf 89' lang='lat' dir='ltr'><strong>esto,</strong></span> <span class='ocrx_word' id='word_1_233' title='bbox 1027 2589 1108 2646; x_wconf 88' lang='lat' dir='ltr'><strong>reete</strong></span> 
     </span>
     <span class='ocr_line' id='line_1_28' title="bbox 94 2675 1109 2756; baseline -0.004 -18"><span class='ocrx_word' id='word_1_234' title='bbox 94 2679 188 2738; x_wconf 84' lang='lat' dir='ltr'><strong>datus</strong></span> <span class='ocrx_word' id='word_1_235' title='bbox 206 2677 403 2756; x_wconf 81' lang='lat' dir='ltr'><strong>intellegitur.</strong></span> <span class='ocrx_word' id='word_1_236' title='bbox 438 2677 470 2736; x_wconf 91' lang='lat' dir='ltr'><strong>in</strong></span> <span class='ocrx_word' id='word_1_237' title='bbox 487 2694 616 2754; x_wconf 90' lang='lat' dir='ltr'><strong>persona</strong></span> <span class='ocrx_word' id='word_1_238' title='bbox 633 2680 735 2737; x_wconf 85' lang='lat' dir='ltr'><strong>tamen</strong></span> <span class='ocrx_word' id='word_1_239' title='bbox 754 2676 854 2736; x_wconf 86' lang='lat' dir='ltr'><strong>uxoris</strong></span> <span class='ocrx_word' id='word_1_240' title='bbox 873 2694 949 2753; x_wconf 89' lang='lat' dir='ltr'><strong>quae</strong></span> <span class='ocrx_word' id='word_1_241' title='bbox 967 2675 999 2734; x_wconf 90' lang='lat' dir='ltr'><strong>in</strong></span> <span class='ocrx_word' id='word_1_242' title='bbox 1017 2693 1109 2734; x_wconf 93' lang='lat' dir='ltr'><strong>manu</strong></span> 
     </span>
     <span class='ocr_line' id='line_1_29' title="bbox 95 2763 1109 2843; baseline -0.003 -17"><span class='ocrx_word' id='word_1_243' title='bbox 95 2768 152 2840; x_wconf 67' lang='lat' dir='ltr'><strong>est,</strong></span> <span class='ocrx_word' id='word_1_244' title='bbox 172 2767 293 2842; x_wconf 88' lang='lat' dir='ltr'><strong>reoepta</strong></span> <span class='ocrx_word' id='word_1_245' title='bbox 311 2769 357 2826; x_wconf 87' lang='lat' dir='ltr'><strong>est</strong></span> <span class='ocrx_word' id='word_1_246' title='bbox 375 2765 466 2825; x_wconf 89' lang='lat' dir='ltr'><strong>etiam</strong></span> <span class='ocrx_word' id='word_1_247' title='bbox 484 2766 595 2826; x_wconf 86' lang='lat' dir='ltr'><strong>tutoris</strong></span> <span class='ocrx_word' id='word_1_248' title='bbox 613 2766 703 2843; x_wconf 85' lang='lat' dir='ltr'><strong>optio,</strong></span> <span class='ocrx_word' id='word_1_249' title='bbox 722 2763 754 2824; x_wconf 88' lang='lat' dir='ltr'><strong>id</strong></span> <span class='ocrx_word' id='word_1_250' title='bbox 772 2766 871 2824; x_wconf 91' lang='lat' dir='ltr'><strong>estut</strong></span> <span class='ocrx_word' id='word_1_251' title='bbox 889 2764 981 2824; x_wconf 87' lang='lat' dir='ltr'><strong>lioeat</strong></span> <span class='ocrx_word' id='word_1_252' title='bbox 998 2764 1026 2824; x_wconf 92' lang='lat' dir='ltr'><strong>ei</strong></span> <span class='ocrx_word' id='word_1_253' title='bbox 1044 2782 1109 2839; x_wconf 90' lang='lat' dir='ltr'><strong>per·</strong></span> 
     </span>
     <span class='ocr_line' id='line_1_30' title="bbox 93 2851 1107 2934; baseline -0.004 -19"><span class='ocrx_word' id='word_1_254' title='bbox 93 2855 218 2916; x_wconf 89' lang='lat' dir='ltr'><strong>mittere</strong></span> <span class='ocrx_word' id='word_1_255' title='bbox 246 2874 336 2933; x_wconf 91' lang='lat' dir='ltr'><strong>quem</strong></span> <span class='ocrx_word' id='word_1_256' title='bbox 361 2855 434 2915; x_wconf 87' lang='lat' dir='ltr'><strong>velit</strong></span> <span class='ocrx_word' id='word_1_257' title='bbox 459 2855 527 2934; x_wconf 85' lang='lat' dir='ltr'><strong>ipsa</strong></span> <span class='ocrx_word' id='word_1_258' title='bbox 548 2857 679 2916; x_wconf 88' lang='lat' dir='ltr'><strong>tutorem</strong></span> <span class='ocrx_word' id='word_1_259' title='bbox 702 2853 760 2914; x_wconf 91' lang='lat' dir='ltr'><strong>sibi</strong></span> <span class='ocrx_word' id='word_1_260' title='bbox 783 2855 900 2932; x_wconf 88' lang='lat' dir='ltr'><strong>optare,</strong></span> <span class='ocrx_word' id='word_1_261' title='bbox 926 2854 984 2913; x_wconf 91' lang='lat' dir='ltr'><strong>hoo</strong></span> <span class='ocrx_word' id='word_1_262' title='bbox 1006 2851 1107 2913; x_wconf 90' lang='lat' dir='ltr'><strong>modo:</strong></span> 
     </span>
     <span class='ocr_line' id='line_1_31' title="bbox 94 2941 1109 3023; baseline -0.002 -21"><span class='ocrx_word' id='word_1_263' title='bbox 94 2943 197 3003; x_wconf 82' lang='lat' dir='ltr'><strong>Titiae</strong></span> <span class='ocrx_word' id='word_1_264' title='bbox 215 2944 301 3004; x_wconf 88' lang='lat' dir='ltr'><strong>uxori</strong></span> <span class='ocrx_word' id='word_1_265' title='bbox 315 2962 397 3005; x_wconf 89' lang='lat' dir='ltr'><strong>meae</strong></span> <span class='ocrx_word' id='word_1_266' title='bbox 411 2944 521 3005; x_wconf 86' lang='lat' dir='ltr'><strong>tutoris</strong></span> <span class='ocrx_word' id='word_1_267' title='bbox 535 2945 687 3023; x_wconf 92' lang='lat' dir='ltr'><strong>optionem</strong></span> <span class='ocrx_word' id='word_1_268' title='bbox 701 2943 748 3003; x_wconf 89' lang='lat' dir='ltr'><strong>do.</strong></span> <span class='ocrx_word' id='word_1_269' title='bbox 778 2961 837 3020; x_wconf 91' lang='lat' dir='ltr'><strong>quo</strong></span> <span class='ocrx_word' id='word_1_270' title='bbox 852 2959 923 3002; x_wconf 86' lang='lat' dir='ltr'><strong>oasu</strong></span> <span class='ocrx_word' id='word_1_271' title='bbox 936 2941 1008 3002; x_wconf 85' lang='lat' dir='ltr'><strong>lieet</strong></span> <span class='ocrx_word' id='word_1_272' title='bbox 1021 2941 1109 3001; x_wconf 88' lang='lat' dir='ltr'><strong>uxori</strong></span> 
     </span>
     <span class='ocr_line' id='line_1_32' title="bbox 93 3027 1110 3115; baseline -0.003 -24"><span class='ocrx_word' id='word_1_273' title='bbox 93 3027 251 3110; x_wconf 88' lang='lat' dir='ltr'><strong>&lt;tutorem</strong></span> <span class='ocrx_word' id='word_1_274' title='bbox 274 3027 399 3115; x_wconf 84' lang='lat' dir='ltr'><strong>optare&gt;</strong></span> <span class='ocrx_word' id='word_1_275' title='bbox 421 3035 469 3094; x_wconf 83' lang='lat' dir='ltr'><strong>vel</strong></span> <span class='ocrx_word' id='word_1_276' title='bbox 491 3033 523 3092; x_wconf 91' lang='lat' dir='ltr'><strong>in</strong></span> <span class='ocrx_word' id='word_1_277' title='bbox 546 3052 649 3094; x_wconf 90' lang='lat' dir='ltr'><strong>omnes</strong></span> <span class='ocrx_word' id='word_1_278' title='bbox 666 3051 713 3092; x_wconf 89' lang='lat' dir='ltr'><strong>res</strong></span> <span class='ocrx_word' id='word_1_279' title='bbox 732 3031 781 3091; x_wconf 84' lang='lat' dir='ltr'><strong>vel</strong></span> <span class='ocrx_word' id='word_1_280' title='bbox 798 3031 831 3090; x_wconf 88' lang='lat' dir='ltr'><strong>in</strong></span> <span class='ocrx_word' id='word_1_281' title='bbox 848 3050 940 3090; x_wconf 88' lang='lat' dir='ltr'><strong>unam</strong></span> <span class='ocrx_word' id='word_1_282' title='bbox 958 3031 1036 3091; x_wconf 86' lang='lat' dir='ltr'><strong>forte</strong></span> <span class='ocrx_word' id='word_1_283' title='bbox 1056 3031 1110 3089; x_wconf 89' lang='lat' dir='ltr'><strong>aut</strong></span> 
     </span>
     <span class='ocr_line' id='line_1_33' title="bbox 95 3119 1109 3198; baseline -0.001 -18"><span class='ocrx_word' id='word_1_284' title='bbox 95 3121 183 3181; x_wconf 87' lang='lat' dir='ltr'><strong>duas.</strong></span> <span class='ocrx_word' id='word_1_285' title='bbox 224 3124 358 3182; x_wconf 83' lang='lat' dir='ltr'><strong>osterum</strong></span> <span class='ocrx_word' id='word_1_286' title='bbox 381 3125 435 3182; x_wconf 84' lang='lat' dir='ltr'><strong>aut</strong></span> <span class='ocrx_word' id='word_1_287' title='bbox 453 3121 541 3198; x_wconf 86' lang='lat' dir='ltr'><strong>plena</strong></span> <span class='ocrx_word' id='word_1_288' title='bbox 559 3124 641 3198; x_wconf 90' lang='lat' dir='ltr'><strong>optio</strong></span> <span class='ocrx_word' id='word_1_289' title='bbox 660 3121 750 3181; x_wconf 85' lang='lat' dir='ltr'><strong>detur</strong></span> <span class='ocrx_word' id='word_1_290' title='bbox 768 3123 822 3178; x_wconf 86' lang='lat' dir='ltr'><strong>aut</strong></span> <span class='ocrx_word' id='word_1_291' title='bbox 840 3121 977 3198; x_wconf 82' lang='lat' dir='ltr'><strong>angusta.</strong></span> <span class='ocrx_word' id='word_1_292' title='bbox 1019 3119 1109 3196; x_wconf 85' lang='lat' dir='ltr'><strong>plena</strong></span> 
     </span>
     <span class='ocr_line' id='line_1_34' title="bbox 95 3206 1110 3288; baseline -0.005 -18"><span class='ocrx_word' id='word_1_293' title='bbox 95 3211 144 3270; x_wconf 82' lang='lat' dir='ltr'><strong>its</strong></span> <span class='ocrx_word' id='word_1_294' title='bbox 162 3209 228 3269; x_wconf 87' lang='lat' dir='ltr'><strong>dari</strong></span> <span class='ocrx_word' id='word_1_295' title='bbox 247 3212 332 3286; x_wconf 85' lang='lat' dir='ltr'><strong>solet,</strong></span> <span class='ocrx_word' id='word_1_296' title='bbox 351 3213 386 3270; x_wconf 89' lang='lat' dir='ltr'><strong>ut</strong></span> <span class='ocrx_word' id='word_1_297' title='bbox 402 3210 536 3288; x_wconf 85' lang='lat' dir='ltr'><strong>proxime</strong></span> <span class='ocrx_word' id='word_1_298' title='bbox 555 3228 647 3286; x_wconf 83' lang='lat' dir='ltr'><strong>supra</strong></span> <span class='ocrx_word' id='word_1_299' title='bbox 665 3209 801 3268; x_wconf 81' lang='lat' dir='ltr'><strong>diximus.</strong></span> <span class='ocrx_word' id='word_1_300' title='bbox 838 3211 968 3284; x_wconf 84' lang='lat' dir='ltr'><strong>angusta</strong></span> <span class='ocrx_word' id='word_1_301' title='bbox 985 3208 1030 3270; x_wconf 88' lang='lat' dir='ltr'><strong>ita</strong></span> <span class='ocrx_word' id='word_1_302' title='bbox 1044 3206 1110 3266; x_wconf 87' lang='lat' dir='ltr'><strong>dari</strong></span> 
     </span>
     <span class='ocr_line' id='line_1_35' title="bbox 94 3295 1107 3375; baseline -0.004 -16"><span class='ocrx_word' id='word_1_303' title='bbox 94 3298 187 3359; x_wconf 86' lang='lat' dir='ltr'><strong>solet:</strong></span> <span class='ocrx_word' id='word_1_304' title='bbox 212 3299 308 3360; x_wconf 80' lang='lat' dir='ltr'><strong>Titiae</strong></span> <span class='ocrx_word' id='word_1_305' title='bbox 331 3300 416 3360; x_wconf 88' lang='lat' dir='ltr'><strong>uxori</strong></span> <span class='ocrx_word' id='word_1_306' title='bbox 440 3316 523 3358; x_wconf 85' lang='lat' dir='ltr'><strong>meae</strong></span> <span class='ocrx_word' id='word_1_307' title='bbox 541 3297 651 3358; x_wconf 89' lang='lat' dir='ltr'><strong>tutoris</strong></span> <span class='ocrx_word' id='word_1_308' title='bbox 670 3296 821 3375; x_wconf 91' lang='lat' dir='ltr'><strong>optionem</strong></span> <span class='ocrx_word' id='word_1_309' title='bbox 839 3296 996 3356; x_wconf 85' lang='lat' dir='ltr'><strong>dumtaxat</strong></span> <span class='ocrx_word' id='word_1_310' title='bbox 1014 3295 1107 3356; x_wconf 89' lang='lat' dir='ltr'><strong>semel</strong></span> 
     </span>
     <span class='ocr_line' id='line_1_36' title="bbox 95 3384 1110 3466; baseline -0.002 -20"><span class='ocrx_word' id='word_1_311' title='bbox 95 3387 146 3466; x_wconf 93' lang='lat' dir='ltr'><strong>do,</strong></span> <span class='ocrx_word' id='word_1_312' title='bbox 169 3390 224 3447; x_wconf 88' lang='lat' dir='ltr'><strong>aut</strong></span> <span class='ocrx_word' id='word_1_313' title='bbox 246 3387 403 3448; x_wconf 86' lang='lat' dir='ltr'><strong>dumtaxat</strong></span> <span class='ocrx_word' id='word_1_314' title='bbox 425 3387 472 3447; x_wconf 91' lang='lat' dir='ltr'><strong>bis</strong></span> <span class='ocrx_word' id='word_1_315' title='bbox 496 3388 541 3447; x_wconf 91' lang='lat' dir='ltr'><strong>do.</strong></span> <span class='ocrx_word' id='word_1_316' title='bbox 585 3405 662 3465; x_wconf 86' lang='lat' dir='ltr'><strong>qnae</strong></span> <span class='ocrx_word' id='word_1_317' title='bbox 685 3384 819 3463; x_wconf 89' lang='lat' dir='ltr'><strong>optiones</strong></span> <span class='ocrx_word' id='word_1_318' title='bbox 843 3384 1006 3462; x_wconf 87' lang='lat' dir='ltr'><strong>plurimum</strong></span> <span class='ocrx_word' id='word_1_319' title='bbox 1029 3385 1110 3444; x_wconf 89' lang='lat' dir='ltr'><strong>inter</strong></span> 
     </span>
     <span class='ocr_line' id='line_1_37' title="bbox 95 3473 1108 3555; baseline -0.005 -19"><span class='ocrx_word' id='word_1_320' title='bbox 95 3493 132 3536; x_wconf 89' lang='lat' dir='ltr'><strong>se</strong></span> <span class='ocrx_word' id='word_1_321' title='bbox 155 3475 304 3538; x_wconf 83' lang='lat' dir='ltr'><strong>differunt.</strong></span> <span class='ocrx_word' id='word_1_322' title='bbox 349 3496 419 3537; x_wconf 89' lang='lat' dir='ltr'><strong>nam</strong></span> <span class='ocrx_word' id='word_1_323' title='bbox 443 3495 520 3555; x_wconf 91' lang='lat' dir='ltr'><strong>quae</strong></span> <span class='ocrx_word' id='word_1_324' title='bbox 548 3477 667 3555; x_wconf 91' lang='lat' dir='ltr'><strong>plenam</strong></span> <span class='ocrx_word' id='word_1_325' title='bbox 695 3475 847 3551; x_wconf 91' lang='lat' dir='ltr'><strong>optionem</strong></span> <span class='ocrx_word' id='word_1_326' title='bbox 873 3473 977 3552; x_wconf 87' lang='lat' dir='ltr'><strong>habet,</strong></span> <span class='ocrx_word' id='word_1_327' title='bbox 1006 3474 1108 3550; x_wconf 88' lang='lat' dir='ltr'><strong>potest</strong></span> 
     </span>
     <span class='ocr_line' id='line_1_38' title="bbox 96 3566 1108 3645; baseline -0.002 -23"><span class='ocrx_word' id='word_1_328' title='bbox 96 3566 192 3624; x_wconf 88' lang='lat' dir='ltr'><strong>semel</strong></span> <span class='ocrx_word' id='word_1_329' title='bbox 214 3569 245 3624; x_wconf 90' lang='lat' dir='ltr'><strong>et</strong></span> <span class='ocrx_word' id='word_1_330' title='bbox 266 3566 313 3626; x_wconf 91' lang='lat' dir='ltr'><strong>bis</strong></span> <span class='ocrx_word' id='word_1_331' title='bbox 336 3569 367 3626; x_wconf 91' lang='lat' dir='ltr'><strong>et</strong></span> <span class='ocrx_word' id='word_1_332' title='bbox 388 3569 437 3627; x_wconf 89' lang='lat' dir='ltr'><strong>ter</strong></span> <span class='ocrx_word' id='word_1_333' title='bbox 458 3569 490 3626; x_wconf 93' lang='lat' dir='ltr'><strong>et</strong></span> <span class='ocrx_word' id='word_1_334' title='bbox 512 3566 631 3645; x_wconf 86' lang='lat' dir='ltr'><strong>saepius</strong></span> <span class='ocrx_word' id='word_1_335' title='bbox 649 3567 780 3626; x_wconf 89' lang='lat' dir='ltr'><strong>tutorem</strong></span> <span class='ocrx_word' id='word_1_336' title='bbox 798 3566 917 3640; x_wconf 88' lang='lat' dir='ltr'><strong>optare;</strong></span> <span class='ocrx_word' id='word_1_337' title='bbox 940 3580 1016 3638; x_wconf 83' lang='lat' dir='ltr'><strong>quae</strong></span> <span class='ocrx_word' id='word_1_338' title='bbox 1034 3579 1108 3622; x_wconf 87' lang='lat' dir='ltr'><strong>vero</strong></span> 
     </span>
    </p>
   </div>
   <div class='ocr_carea' id='block_1_3' title="bbox 0 0 1258 3896">
    <p class='ocr_par' dir='ltr' id='par_1_3' title="bbox 0 0 1258 3896">
     <span class='ocr_line' id='line_1_39' title="bbox 0 0 1258 3896; baseline 0 0"><span class='ocrx_word' id='word_1_339' title='bbox 0 0 1258 3896; x_wconf 95' lang='lat' dir='ltr'><strong> </strong></span> 
     </span>
    </p>
   </div>
  </div>
 </body>
</html>
