2512 3888
409 131 433 182 2.
456 125 640 182 MASURIUS
660 128 812 184 SABINUS
1051 127 1117 192 425

109 285 159 376 (P.
173 286 286 374 2469).
307 324 344 334 -
371 287 517 354 Moribus
541 287 760 354 introductum
779 293 838 372 est,
860 295 897 356 ut
916 290 989 377 quis
1007 290 1118 356 liberis

109 378 331 462 impuberibus
354 381 584 443 testamentum
608 377 713 442 facere
734 380 848 462 possit.

198 471 281 532 Haeo
308 472 402 533 verba
423 471 516 532 Lencl
544 489 562 530 a
585 470 694 531 Sabino
723 472 820 548 petita
843 491 908 532 csse
930 473 997 534 ideo
1020 477 1119 550 putat,

109 560 190 637 quod
213 560 362 638 Ulpianus
385 560 483 620 addit:
512 555 602 637 ‘quod
626 561 669 620 sic
692 561 749 619 erit
773 561 986 641 accipiendum,
1009 564 1035 622 si
1058 563 1118 623 sint

109 651 143 710 in
169 644 340 726 potestata',
364 653 541 729 argumento
563 667 638 708 usus
660 668 767 725 parum
789 650 904 709 idoneo.

200 769 254 834 22.
276 766 310 834 O.
326 769 355 852 6,
370 769 422 849 26,
438 769 479 833 10
489 792 536 853 pr.
567 767 657 833 Idem
673 765 767 855 (imp.
781 766 996 855 lastinianus)
1015 770 1054 836 Α.
1067 770 1118 835 Ιο-

109 857 213 922 hanni
231 880 285 942 pp.
305 853 347 944 (a.
361 854 451 945 531).
477 893 515 904 -
542 855 623 922 Cum
647 857 777 942 quidum
802 858 926 922 duobus
950 859 1120 941 impuberi-

112 947 172 1012 bus
200 947 278 1012 filiis
306 947 371 1012 suis
394 947 567 1012 heredibus
591 947 749 1011 institutis
774 946 905 1029 adiecit,
934 945 961 1012 si
984 951 1119 1031 uterque

112 1035 260 1119 impubes
285 1034 468 1120 decesserit,
491 1036 584 1101 illum
608 1035 670 1099 sibi
693 1046 763 1100 esse
786 1034 950 1116 heredem,
974 1041 1007 1100 et
1030 1035 1121 1100 dubi-

113 1125 245 1189 tabatur
268 1125 353 1207 apud
377 1126 526 1208 antiquos
550 1126 657 1209 legum
681 1130 843 1208 auctores,
871 1126 1021 1188 utrumne
1044 1126 1121 1190 tunc

110 1213 213 1279 voluit
236 1213 448 1278 substitutum
473 1213 609 1296 admitti,
633 1234 706 1278 cum
729 1218 865 1297 uterque
888 1213 973 1277 filius
997 1213 1064 1278 eius
1087 1215 1121 1277 in

111 1303 218 1387 prima
247 1305 352 1366 aetate
376 1303 560 1381 decesserit,
593 1324 634 1366 an
663 1303 818 1367 alterutro
847 1302 1018 1367 decedente
1046 1301 1121 1367 ilico

113 1390 308 1464 substitutus
339 1389 374 1454 in
406 1391 474 1455 eius
505 1394 632 1474 partem
660 1390 821 1473 succedat,
849 1391 972 1474 placuit
1000 1390 1121 1456 Sabino

114 1478 376 1543 substitutionem
405 1485 482 1542 tunc
509 1477 618 1544 locum
645 1478 781 1565 habere,
808 1501 880 1544 cum
907 1484 1041 1564 uterque
1069 1479 1121 1544 de-

112 1567 258 1632 cesserit:
272 1567 434 1650 cogitasse
449 1567 534 1631 enim
548 1574 674 1651 patrem
688 1569 794 1650 primo
805 1568 977 1633 decedente
987 1569 1121 1633 fratrem

113 1656 263 1720 suumin
287 1657 356 1720 eius
379 1657 560 1740 portionem
584 1657 760 1720 succedere.

201 1746 254 1810 23.
277 1743 317 1808 D.
331 1745 385 1826 42,
399 1743 429 1828 5,
443 1744 485 1810 28
496 1766 543 1828 pr.
575 1743 747 1809 Iavolenus
766 1745 849 1810 libro
868 1745 974 1830 primo
993 1745 1122 1830 Epistu-

111 1835 217 1898 larum
251 1829 301 1920 (P.
325 1829 398 1920 75).·
424 1869 466 1880 -
498 1833 596 1900 Pater
627 1833 766 1897 familias
794 1834 954 1917 impuberi
981 1835 1063 1920 filio,
1095 1835 1123 1900 si

115 1926 190 1988 ante
222 1922 426 2007 pubertatem
453 1922 655 2001 decessisset,
688 1923 856 1987 substituit
879 1922 1032 1988 'heredem

115 2032 234 2096 quaero
253 2033 375 2076 ...me
399 2011 479 2076 illud
502 2013 642 2076 maxime
661 2016 777 2093 movet,
800 2012 886 2096 quod
903 2013 1121 2097 praeceptori-

112 2101 174 2165 bus
198 2101 264 2165 tuis
282 2101 389 2185 placet
406 2122 506 2192 unum
525 2123 595 2164 esse
613 2103 854 2166 testamentum.
885 2102 1052 2185 respondit
1070 2151 1078 2168 .
1093 2153 1122 2168 ..

201 2229 238 2290 D.
255 2231 305 2307 28,
320 2231 349 2308 6,
364 2233 407 2291 20
415 2251 461 2306 pr.
500 2229 648 2306 Ulpianus
671 2229 749 2289 libro
773 2234 856 2290 sexto
880 2230 994 2291 decimo
1014 2231 1051 2292 ad
1070 2231 1122 2292 Sa·

111 2317 216 2378 binum
240 2309 284 2399 (P.
300 2310 389 2400 254).
416 2351 455 2360 -
481 2319 581 2378 Paris
609 2322 641 2378 et
668 2319 724 2377 filii
746 2320 962 2379 testamentum
984 2340 1039 2396 pro
1063 2341 1122 2382 uno

111 2407 265 2556 habei‘ir...
281 2497 344 2556 duo
365 2495 582 2572 quodammodo
607 2496 677 2553 sunt
698 2495 888 2573 testamenta,
913 2496 997 2556 alind
1018 2498 1124 2572 patris,

112 2585 198 2646 aliud
216 2585 279 2664 filii,
297 2588 451 2661 tamquam
470 2584 496 2642 si
513 2583 578 2658 ipse
596 2582 678 2641 fflius
697 2582 753 2641 sibi
771 2583 910 2642 heredem
928 2584 1123 2664 instituisset,

112 2681 167 2736 aut
198 2677 278 2734 certe
309 2693 403 2732 unum
430 2676 477 2732 est
504 2673 719 2731 testamentum
747 2671 873 2730 duarum
901 2669 1123 2748 hereditatnm'.

113 2765 179 2828 eu.
196 2766 224 2844 a,
241 2765 313 2824 reo.

310 2924 357 2982 De
379 2927 463 2996 rupto
485 2923 531 2981 ccl
554 2924 636 2981 irrito
658 2921 735 2994 facto
757 2925 932 2980 teslurneulo.

205 3043 250 3108 ‘Si
277 3049 344 3124 quis
373 3050 443 3123 post
468 3046 582 3106 factum
610 3047 824 3105 tastamentum
853 3042 1041 3121 adoptaverit
1068 3045 1126 3106 sibi

118 3140 224 3216 filium,
248 3137 528 3198 ...testamentum
548 3135 611 3194 eius
628 3133 780 3210 rumpitur
798 3135 885 3211 quasi
903 3133 1064 3212 agnatione
1079 3135 1126 3194 sui

118 3228 245 3288 heredis.
291 3226 370 3286 idem
394 3225 468 3284 iuris
492 3227 548 3296 est,
573 3223 599 3282 si
621 3223 670 3282 cui
687 3226 755 3300 post
777 3222 892 3282 factum
910 3225 1126 3283 testamentum

115 3337 193 3378 uxor
210 3317 243 3376 in
261 3333 383 3374 manum
398 3313 564 3390 conveniat,
584 3359 591 3373 .
606 3359 612 3372 .
628 3356 634 3370 .
649 3330 720 3370 nam
734 3329 768 3371 eo
783 3312 871 3372 modo
885 3313 966 3371 filiae
980 3312 1045 3372 loeo
1061 3331 1125 3373 esse

115 3405 222 3481 incipit
245 3409 276 3464 et
299 3405 386 3482 quasi
408 3422 472 3464 sua.
512 3420 567 3461 nec
589 3401 720 3479 prodest,
744 3399 807 3462 sive
829 3402 903 3462 haec
921 3401 983 3462 siva
1002 3401 1054 3462 ille
1074 3403 1126 3480 qui

117 3496 280 3570 adoptatus
312 3497 370 3572 est,
402 3491 433 3550 in
465 3510 501 3551 eo
532 3491 713 3551 testamento
746 3490 787 3550 sit
817 3490 975 3551 institutus
1003 3491 1089 3551 instit
1112 3525 1125 3536 -
