2508 3896
398 199 422 249 2.
446 192 628 249 MASURIUS
648 191 802 249 SABINUS
1040 192 1103 257 581

98 359 168 443 quis
192 357 330 442 rogavit,
353 356 385 420 id
409 356 507 421 etiam
532 357 573 420 ab
596 357 712 421 herede
735 357 801 421 eius
820 356 966 440 precario
984 355 1104 421 habere

97 447 237 530 videtur,
261 449 293 510 et
315 446 362 510 ita
385 448 419 509 et
443 445 581 511 Sabinus
606 448 639 509 et
661 443 775 510 celsus
800 445 952 510 scribunt.

384 601 428 657 De
444 602 486 658 rai
503 603 642 658 iudicatae
659 604 820 674 exceptione.

186 713 238 778 56.
268 711 307 776 D.
320 712 373 796 46,
388 712 417 788 8,
432 712 509 795 8pr.
550 710 726 777 Venuleius
746 711 830 775 libro
849 710 961 796 quinto
981 711 1104 776 decimo

97 800 349 886 stipulationum
376 799 426 885 (P.
442 798 509 887 72).
535 835 573 846 —
598 798 794 866 Procurator
821 798 862 864 ad
890 799 1105 864 exhibendum

97 892 166 977 egit
188 894 221 955 et
244 889 443 954 adversarius
462 890 629 955 absolutus
651 893 709 972 est,
733 887 891 972 quianon
909 889 1105 972 possidebat.

97 987 132 1045 at
161 1001 234 1044 oum
256 977 491 1062 possessionem
515 977 657 1042 eiusdem
679 978 727 1041 rei
749 981 886 1042 nanctus
910 981 1007 1061 esset,
1037 979 1106 1062 agit

96 1090 171 1134 cum
198 1089 235 1132 eo
264 1066 412 1132 domiuus
442 1065 481 1130 ad
510 1065 732 1132 exhibendum.
779 1065 917 1130 Sabinus
946 1066 992 1130 ait
1019 1087 1107 1148 spoct-

97 1154 206 1223 sores1
228 1177 293 1222 nou
316 1156 428 1238 teneri,
451 1155 603 1239 quoniam
626 1155 706 1221 haec
730 1155 794 1218 alia
817 1176 868 1219 res
893 1154 949 1240 sit,
972 1177 1049 1220 nam
1073 1158 1106 1219 et

96 1246 126 1312 si
150 1245 298 1310 dominus
318 1245 446 1329 egisset,
469 1265 552 1326 mox,
574 1244 725 1309 absoluto
745 1243 927 1308 adversario
947 1245 1105 1328 quianon

96 1334 290 1420 possideret,
316 1355 355 1398 ex
377 1333 505 1415 integro
529 1337 653 1418 ageret,
675 1355 740 1397 nou
764 1333 967 1397 obstaturam
991 1332 1039 1398 rei
1060 1333 1106 1397 iu·

95 1424 221 1490 dicatae
245 1423 472 1504 exceptionem.

292 1553 346 1645 XI.
378 1587 544 1645 Incertae
568 1587 663 1646 sedis
685 1587 900 1663 fragmenta.

188 1707 216 1772 1.
240 1706 279 1772 D.
293 1704 324 1789 5,
345 1706 373 1790 1,
392 1707 445 1787 28,
459 1705 488 1770 5.
525 1704 644 1770 Paulus
662 1706 745 1771 libro
765 1705 903 1790 septimo
924 1705 1046 1770 decimo
1066 1705 1106 1769 ad

94 1796 261 1861 Plautium
281 1791 331 1882 (P.
349 1792 456 1878 1232).
471 1830 514 1841 —
531 1793 565 1859 Si
584 1793 834 1878 paterfamilias
854 1800 1001 1860 mortuus
1020 1798 1106 1858 esset

94 1885 209 1950 relicto
237 1906 300 1949 uno
328 1883 395 1948 filio
424 1890 456 1946 et
483 1905 582 1948 uxore
605 1887 794 1969 praegnate,
822 1905 888 1949 non
911 1888 998 1948 recte
1020 1883 1105 1947 filius

95 1997 117 2039 a
140 1972 340 2038 debitoribus
369 1975 494 2055 partem
524 1972 689 2036 dimidiam
718 1972 830 2037 crediti
857 1975 965 2056 petere
988 1975 1106 2057 potest,

93 2063 243 2148 quamvis
280 2064 393 2144 postea
430 2083 510 2125 unus
541 2061 628 2125 filius
661 2065 758 2127 natus
791 2062 835 2126 sit
865 2082 918 2126 noc
949 2082 1107 2144 quaquam

94 2147 280 2236 potuerint⁹
293 2151 401 2236 plures
418 2150 515 2229 nasci,
535 2171 607 2214 oum
622 2171 799 2233 perrarum
813 2155 964 2215 naturam
984 2155 1105 2214 certum

93 2239 195 2306 fuerit
212 2261 312 2304 unum
331 2239 430 2305 nasci.
458 2239 513 2303 sed
528 2236 667 2304 Sabinus
683 2289 690 2304 .
704 2287 712 2304 .
727 2243 852 2324 partem
873 2244 1024 2324 quartam
1038 2241 1106 2322 peti

94 2329 257 2406 debuisse,
280 2330 355 2413 quia
376 2328 534 2393 incertum
554 2334 640 2393 esset
658 2350 700 2392 an
718 2333 783 2393 tres
803 2333 1024 2409 nascerentur,
1046 2349 1105 2392 nec

94 2439 204 2483 rerum
227 2420 376 2482 naturam
401 2416 596 2500 intuendam,
618 2418 652 2480 in
672 2439 735 2498 qua
755 2419 863 2481 omnia
882 2421 970 2480 certa
989 2420 1105 2498 essent,

93 2529 170 2573 oum
201 2505 310 2570 futura
341 2505 452 2590 utique
484 2505 613 2588 fierent,
645 2505 700 2568 sed
730 2510 874 2568 nostram
902 2504 1105 2568 inscientiam

93 2595 198 2680 aspici
222 2595 344 2662 debere.

187 2706 402 2783 Fragmentum
426 2706 553 2765 fortasse
576 2705 607 2762 in
630 2704 715 2763 uara
738 2703 812 2764 iuris
835 2703 931 2764 civilis
954 2704 1046 2779 capiti
1069 2675 1105 2762 aa

91 2794 240 2875 legitimis
263 2795 423 2855 heredibus
447 2793 678 2852 adtribuendum
700 2796 772 2852 erat.

187 2897 217 2961 2.
248 2895 288 2960 D.
303 2896 354 2978 50,
372 2897 422 2976 17,
439 2896 466 2960 1.
517 2894 636 2959 Paulus
667 2894 752 2959 libro
786 2897 877 2959 sexto
910 2893 1032 2958 decimo
1065 2893 1105 2958 ad

92 2985 260 3054 Plautium
289 2983 338 3070 (P.
354 2984 398 3070 1).
420 3020 464 3031 —
563 3005 620 3067 per
643 2984 789 3068 regulam
812 3031 843 3047 ..
866 2982 973 3047 brevis
999 3005 1106 3047 rerum

91 3075 241 3140 narratio
264 3074 403 3138 traditur
425 3077 466 3156 et,
492 3076 528 3136 ut
550 3074 597 3137 ait
620 3071 767 3155 Sabinus,
789 3073 881 3154 qnasi
903 3091 1014 3136 causae
1036 3092 1107 3136 coa·

90 3165 182 3230 tectio
205 3169 256 3242 est,
280 3185 361 3248 quae
383 3161 478 3226 simul
502 3183 574 3226 cum
598 3161 633 3224 in
658 3160 764 3246 aliquo
785 3160 897 3225 vitiata
917 3168 976 3245 est,
1000 3161 1107 3246 perdit

91 3252 237 3318 officium
262 3273 364 3317 suum.

169 3415 183 3462 1
205 3409 281 3464 Trcb.
300 3407 482 3463 fideiussores.

168 3486 184 3534 2
205 3479 255 3536 Fz.
275 3481 357 3534 natus
376 3480 412 3535 sit
429 3478 495 3547 quia
513 3480 651 3547 poterant.
