2568 3890
439 162 464 211 7.
487 157 525 211 Μ.
541 155 732 212 ANTISTIUS
751 157 870 213 LABEO
1093 158 1158 223 249

151 319 222 404 quis
251 341 290 383 ex
317 284 465 405 pluribus
494 320 677 402 accesserit,
705 341 777 384 eum
801 320 839 384 11
864 321 926 386 alio
951 325 1090 405 emptor,
1118 322 1157 387 de

152 408 216 473 alio
240 407 389 473 venditor
412 407 557 492 senserit,
578 408 681 473 nihilo
705 407 811 473 miuus
831 408 922 474 fundi
939 410 1156 476 venditionem

150 497 259 562 valere
292 501 433 581 constat,
467 496 521 560 sed
553 495 662 563 Labeo
696 498 743 562 ait
771 520 844 563 eum
874 495 1019 564 Stichum
1048 500 1158 564 deberi

150 607 243 671 quem
267 585 415 650 venditor
438 585 639 649 intellexerit.

241 675 313 740 137.
346 673 386 739 D.
403 673 452 756 18,
468 674 498 752 2,
514 675 564 759 11,
582 675 723 758 1.13pr.
764 674 925 758 Ulpianus
948 677 1031 741 libro
1055 677 1159 742 vicen·

152 763 235 828 simo
249 766 364 828 octavo
380 763 419 828 11
436 761 591 828 Sabinum
606 760 655 850 (P.
665 763 777 846 2711).
794 799 832 810 -
908 763 1044 830 Sabinus
1060 767 1114 849 ait,
1130 767 1156 830 si

149 851 254 916 tribus
278 852 490 916 vendentibus
510 852 572 916 duo
591 853 764 936 posteriori
784 852 972 936 addixerint,
991 875 1074 918 unus
1092 876 1158 919 non

151 940 316 1005 admiserit
344 940 569 1024 adiectionem,
602 941 696 1005 huius
724 945 848 1026 partem
876 941 990 1026 priori,
1022 943 1158 1007 duorum

149 1029 321 1113 posteriori
352 1033 504 1114 emptam.
623 1027 736 1094 Celsus
769 1052 895 1115 quoque
926 1030 1011 1096 libro
1044 1035 1158 1096 octavo

150 1115 359 1204 Digestorum
390 1118 488 1182 refert
516 1118 657 1184 Mucium
690 1117 827 1183 Brutum
859 1119 1040 1185 Labeonem
1074 1119 1157 1203 quod

150 1205 303 1270 Sabinum
327 1207 520 1272 existimare.

240 1295 312 1362 138.
344 1295 383 1361 D.
399 1296 450 1379 18,
464 1297 495 1379 2,
511 1297 561 1381 14,
577 1296 605 1361 1.
650 1295 768 1360 Paulus
791 1297 875 1361 libro
899 1297 1011 1381 quinto
1037 1295 1076 1360 ad
1101 1293 1158 1360 Sa-

150 1383 261 1448 binum
281 1383 329 1471 (P.
347 1382 456 1470 1704).
482 1421 520 1432 -
546 1385 641 1451 ...11
659 1390 785 1469 emptor
805 1386 903 1450 alium
921 1407 987 1450 nou
1006 1385 1156 1449 idoneum

151 1473 289 1538 subiecit
312 1474 403 1558 eique
426 1473 544 1539 fundus
567 1474 713 1539 addictus
737 1478 799 1557 est,
826 1495 892 1538 non
917 1473 1022 1552 video,
1050 1474 1156 1558 inquit

150 1559 349 1648 (Sabinust),
373 1562 640 1646 quemadmodum
659 1563 760 1646 priori
779 1564 822 1628 sit
840 1566 978 1647 emptus,
1002 1585 1074 1628 oum
1093 1563 1157 1628 alia

150 1650 292 1715 venditio
317 1657 348 1715 11
371 1673 447 1715 vera
468 1655 582 1736 postea
606 1653 777 1716 subsecuta
800 1651 851 1716 sit.
896 1652 951 1716 sed
974 1674 1085 1716 verum
1109 1656 1158 1716 111

149 1739 349 1804 venditorem
374 1740 541 1824 deceptum
561 1762 599 1804 ex
617 1740 748 1805 vendito
768 1741 929 1805 actionem
948 1740 1066 1805 habere
1085 1762 1157 1805 oum

149 1829 256 1912 priore
278 1832 430 1914 emptore,
450 1830 563 1914 quanti
583 1851 642 1894 sua
660 1829 788 1895 intersit
806 1829 837 1893 id
857 1851 921 1894 non
942 1851 1012 1894 1111
1026 1828 1158 1913 factum,

148 1939 207 2000 per
230 1939 326 2002 quam
350 1918 509 1984 actionem
530 1921 562 1982 11
580 1919 713 2002 fructus,
736 1940 817 2003 quos
835 1919 925 2003 prior
944 1922 1070 2002 emptor
1088 1939 1157 2001 per·

150 2007 272 2090 ceperit
301 2012 333 2071 et
360 2028 424 2093 quo
452 2005 592 2073 deterior
615 2030 665 2072 res
690 2007 784 2093 eulpa
806 2008 858 2073 vel
883 2007 956 2073 dolo
980 2009 1066 2072 malo
1090 2008 1158 2072 eius

150 2094 238 2160 faeta
261 2094 313 2181 sit,
335 2096 468 2179 recipiet
490 2096 647 2162 venditor.
685 2099 718 2160 et
740 2099 787 2162 111
808 2096 953 2162 Labeoni
1042 2097 1157 2180 placet.

239 2185 311 2249 139.
344 2184 382 2250 D.
400 2186 493 2269 19,1,
510 2186 627 2269 1124.
673 2183 832 2269 Ulpianus
862 2185 945 2250 libro
968 2186 1157 2270 trigessimo

150 2273 290 2338 secundo
319 2274 358 2338 ad
387 2274 525 2339 edietum
556 2270 604 2360 (P.
620 2272 709 2360 935).
736 2310 778 2321 -
808 2273 843 2340 Si
870 2275 955 2339 inter
982 2279 1157 2359 emptorem

147 2361 352 2444 praediorum
377 2367 410 2426 et
432 2363 630 2428 venditorem
656 2364 868 2448 convenisset,
890 2370 936 2447 ut,
960 2364 987 2428 si
1011 2385 1159 2447 111111-

149 2448 202 2513 dia
222 2455 348 2534 emptor
366 2451 500 2515 heresve
520 2450 587 2515 eius
604 2451 707 2536 pluris
723 2450 930 2538 vendidisset,
948 2452 1017 2516 eius
1031 2457 1157 2535 partem

149 2538 312 2603 dimidiam
336 2538 495 2604 venditori
517 2542 698 2622 praestaret
719 2539 862 2603 etheree
882 2541 1036 2624 emptoris
1055 2541 1157 2625 pluris

149 2649 188 2692 ea
210 2627 341 2712 praedia
363 2627 569 2712 vendidisset,
592 2627 790 2691 venditorem
816 2649 855 2691 111
878 2627 1010 2691 vendito
1034 2629 1157 2712 agendo

153 2723 279 2802 partem
304 2718 385 2800 eius,
409 2737 471 2801 quo
494 2716 598 2799 pluris
622 2715 832 2800 vendidisset,
856 2720 1110 2780 consecuturum.

486 2881 530 2937 De
548 2882 681 2951 aedificiis
699 2883 823 2938 11111111.

240 2983 311 3048 140.
344 2981 383 3047 D.
404 2983 619 3067 19,1,17,r.
669 2982 828 3068 Ulpianus
856 2982 940 3047 libro
968 2982 1157 3066 trigensimo

149 3071 289 3137 seeundo
322 3071 361 3137 11
391 3072 530 3137 edictum
559 3070 607 3157 (P.
628 3069 731 3159 938⁰).
760 3109 797 3121 -
828 3072 936 3137 Labeo
965 3070 1158 3156 generaliter

150 3161 264 3226 scribit
287 3182 333 3242 ea,
357 3182 437 3245 quae
461 3161 609 3246 perpetui
632 3183 709 3225 usus
734 3182 830 3227 eausa
847 3162 882 3226 111
901 3159 1053 3226 aedificiis
1074 3164 1159 3244 suut,

148 3250 283 3315 aedificii
313 3271 396 3333 esse,
424 3271 504 3334 quae
536 3271 612 3314 vero
637 3249 866 3335 adpraesens,
893 3272 958 3315 non
982 3271 1050 3314 esse
1074 3249 1158 3313 aedi-

146 3339 225 3423 ficii,
253 3343 290 3403 ut
317 3341 396 3422 puta
424 3339 550 3403 fistulae
578 3339 735 3422 temporis
761 3339 888 3422 quidem
912 3361 1009 3403 eausa
1031 3338 1157 3424 positae

145 3449 212 3492 non
242 3432 319 3492 sunt
349 3426 489 3512 aedium,
520 3449 632 3492 verum
660 3434 769 3492 tamen
799 3427 826 3491 si
854 3433 1010 3511 perpetuo
1038 3427 1160 3492 fuerint

146 3516 287 3602 positae,
310 3515 434 3580 aedium
460 3520 543 3580 sunt.
