2550 3888
407 144 431 192 7.
453 137 490 191 M.
507 137 699 192 ANTISTIUS
717 137 836 192 LABEO
1082 137 1123 200 57
1177 165 1178 170 ¹

116 308 155 368 D.
170 309 223 385 39,
239 308 268 382 3,
285 308 312 379 1,
329 308 368 364 17
388 300 500 365 ‘Labeo
523 309 555 364 et
572 297 770 386 Cascellius').
811 305 862 364 ubi
882 305 956 364 iuris
974 307 1126 365 consultos
1245 275 1247 280 Ι

118 399 219 456 661616
247 395 363 470 priores
390 414 457 454 eum
482 394 619 454 Labeone
646 394 794 465 nominat,
822 394 980 454 Iavolenus
1008 411 1126 472 quoque

118 484 264 562 temporis
284 483 430 542 rationem
449 483 585 560 sequitur
605 476 653 560 (D.
669 484 722 559 40,
738 483 766 558 7,
782 485 822 542 39
843 477 983 552 ‘Quintus
1001 483 1127 561 Mucius,

120 573 226 634 Gallus
251 572 367 648 etipse
390 563 531 653 Labeo’).

208 662 381 740 Librorum,
409 661 517 738 quibus
540 660 640 720 Labeo
668 660 823 737 laudatur,
852 660 877 719 si
898 680 957 720 non
980 664 1128 740 auctores,

119 753 172 813 sed
200 753 379 828 argumenta
405 749 672 825 inscriptionesque
695 767 834 826 quaeras,
861 749 894 807 hi
916 750 986 809 libri
1008 769 1127 810 enume-

118 841 209 901 randi
235 841 318 900 sunt:
351 838 389 897 ad
416 837 618 910 1111661661,
649 838 687 897 ad
715 836 872 914 Sabinum,
899 838 937 896 ad
963 838 1128 913 Vitellium,

121 930 160 990 ad
182 928 349 1005 Plautium,
376 927 572 1002 Digestorum
597 925 681 1004 libri,
708 927 747 985 ad
775 927 906 985 edictum
929 927 1077 1002 praetoris
1101 932 1131 986 et

121 1019 161 1079 ad
188 1017 320 1076 edietum
348 1016 489 1075 aedilium
517 1015 678 1092 curulium,
710 1015 942 1090 Interdietorum
970 1017 1001 1075 et
1028 1015 1130 1091 Stipa-

120 1107 282 1178 lationum,
315 1104 386 1162 libri
417 1105 453 1163 de
485 1104 550 1162 iure
582 1104 658 1176 fisci,
691 1105 729 1163 ad
759 1106 777 1164 l.
804 1104 913 1164 Iuliam
941 1106 972 1163 et
998 1103 1132 1181 Papiam,

122 1199 160 1256 de
184 1193 354 1268 adulteriis,
382 1191 608 1268 Quaestionum,
634 1192 888 1266 Membranarum,
916 1193 1132 1270 Epistularum,
1219 1253 1221 1258 ,

120 1284 283 1344 Variarum
311 1281 500 1352 Lectionum,
529 1281 713 1359 Regularum
740 1285 771 1340 61
796 1282 1026 1342 Institutionum
1054 1282 1133 1341 libri.

166 1379 169 1381 ’
213 1370 465 1448 Frequentissime
496 1369 596 1429 Labeo
628 1371 771 1429 laudatur
802 1371 886 1429 libris
919 1371 958 1430 ad
989 1370 1134 1446 edietum3

123 1461 302 1533 seeundum,
334 1459 361 1518 si
386 1458 585 1536 frequentiam
613 1461 742 1536 spectes,
774 1459 873 1518 locum
902 1460 1038 1518 obtinent
1063 1459 1135 1518 libri

123 1552 164 1612 ad
192 1549 348 1625 Sabinum,
379 1547 504 1607 tertium
531 1547 600 1606 libri
628 1547 665 1605 ad
693 1547 791 1623 legem
817 1547 926 1606 Iuliam
953 1551 985 1607 et
1012 1548 1135 1624 Papiam

124 1643 158 1700 et
178 1637 387 1714 Epistularum
409 1639 441 1695 et
463 1635 677 1705 Quaestionum
700 1636 779 1696 libri.

215 1725 363 1786 Labeonis
399 1724 563 1785 sententias
598 1725 743 1801 quasdam
779 1725 858 1784 aives
894 1726 1044 1785 Romanos
1079 1746 1134 1802 pro
1168 1744 1171 1749 ·

124 1819 191 1878 iure
218 1815 359 1875 habuisse
387 1813 496 1873 donent
517 1817 549 1872 et
571 1813 714 1873 Proeulus
738 1817 769 1872 et
791 1813 951 1889 Ulpianus:
979 1809 1136 1874 ‘Prooulns

125 1906 241 1967 indicat
271 1904 327 1964 hoe
354 1903 419 1962 iure
446 1920 501 1961 nos
528 1902 588 1978 uti,
620 1903 700 1977 quod
728 1901 829 1964 Servio
858 1906 888 1962 et
915 1903 1048 1963 Labeoni
1073 1905 1139 1980 pla-

125 1987 256 2055 cuisset'
284 1992 324 2051 D..
340 1994 396 2069 41,
417 1995 449 2068 1,
470 1992 509 2050 26
521 2011 565 2066 pr.
610 1990 759 2067 Ulpianus
787 1993 860 2050 haee
886 1989 993 2052 tradit:
1021 1987 1137 2052 ‘Labeo

126 2083 235 2144 scribit
263 2084 294 2140 et
320 2080 376 2139 hoe
403 2081 468 2138 inre
491 2074 617 2138 utimur'
641 2080 675 2139 D.
689 2082 719 2158 4,
736 2083 764 2153 9,
781 2084 807 2153 1,
824 2082 852 2140 4.
899 2075 1011 2142 ‘Labeo
1034 2081 1139 2141 seribit

126 2190 222 2249 eoque
250 2171 316 2229 iure
343 2163 469 2228 utimur'
492 2168 528 2230 D.
549 2169 604 2243 39,
620 2171 653 2245 2,
671 2171 782 2243 15,1o
810 2173 840 2228 61
867 2169 903 2228 D.
918 2172 974 2245 43,
990 2174 1045 2246 26,
1061 2173 1093 2245 8,
1110 2175 1137 2231 7.

126 2257 241 2321 ‘Labeo
261 2259 369 2319 ait...
389 2276 483 2334 eoque
501 2257 567 2316 iure
585 2252 710 2315 utimur'
727 2257 764 2316 D.
779 2261 830 2331 42,
846 2259 875 2337 8,
891 2261 918 2331 6,
936 2262 984 2319 10.
1022 2255 1138 2319 ‘Labeo

127 2350 188 2410 sibi
209 2347 305 2409 rideri
327 2347 413 2407 ait..
429 2392 449 2421 .,
473 2365 548 2423 quae
568 2347 717 2405 sententia
735 2342 863 2406 obtinet'
881 2348 917 2406 D.
934 2351 984 2424 29,
999 2351 1028 2424 4,
1046 2351 1138 2425 1,13.

128 2439 205 2498 alias
227 2453 299 2496 vero
324 2435 470 2495 Labeonis
497 2435 660 2494 sententias
686 2434 813 2494 reiectas
837 2453 901 2495 esse
929 2440 959 2495 61
981 2436 1140 2498 Iavolenus

130 2532 163 2587 61
175 2524 359 2601 Pomponius
378 2526 408 2582 61
421 2523 569 2598 Ulpianus
587 2523 721 2582 tradunt.
752 2522 912 2583 Iavolenus
932 2525 1009 2583 enim
1024 2525 1140 2584 scribit:

3 2667 4 2670 ,
130 2611 192 2674 ‘ait
217 2614 319 2674 Labeo
416 2616 491 2687 puto
516 2608 617 2687 potius
717 2629 775 2686 quo
798 2611 863 2669 iure
885 2607 1014 2670 utimur'
1037 2613 1073 2671 D.
1090 2616 1141 2689 23,

132 2705 219 2780 5,18
247 2697 364 2761 ‘Labeo
392 2705 423 2760 et
449 2699 607 2760 Trebatius
634 2701 747 2776 negant
853 2718 909 2774 ego
937 2702 1041 2758 eontra
1066 2705 1141 2775 puto

131 2840 184 2855 ...
204 2810 300 2869 eoque
323 2791 388 2849 iure
406 2783 531 2849 utimur'
550 2787 586 2847 D.
609 2790 659 2865 18,
678 2791 705 2864 1,
723 2789 772 2848 79.
813 2787 1007 2864 Pomponius:
1031 2782 1155 2848 ‘Labeo

131 2929 138 2942 .
154 2925 182 2942 ..
203 2880 330 2941 scribit.
346 2925 353 2940 .
368 2925 389 2953 .,
407 2879 458 2938 sed
476 2879 536 2937 alio
555 2878 620 2936 iure
638 2870 764 2936 utimur'
779 2873 815 2937 D'.
827 2879 877 2954 33,
889 2879 941 2938 85.
981 2876 1142 2954 Ulpianus:

131 2965 203 3031 ‘nee
225 2969 343 3029 utimur
364 2967 511 3026 Labeonis
534 2961 697 3026 sententia'
721 2967 753 3026 D.
769 2969 799 3042 4,
815 2969 844 3044 8,
859 2969 910 3046 27,
925 2971 954 3026 1.

223 3058 284 3118 Ubi
312 3057 348 3115 de
371 3055 519 3116 Labeonis
548 3055 703 3114 sententiis
727 3073 822 3114 sermo
845 3059 904 3133 est,
931 3075 1144 3133 nonnunquam
1209 3107 1210 3112 ,

132 3148 247 3226 legitur
270 3138 495 3222 ς6661166161,
523 3137 674 3216 21166161,
697 3137 856 3222 putabat',
879 3144 997 3205 similia.
1042 3145 1145 3219 itaque
1248 3213 1250 3220 Α

135 3235 292 3313 scriptoris
315 3237 415 3294 aetate
436 3235 513 3292 hano
530 3232 678 3291 Labeonis
697 3233 875 3291 sententiam
893 3235 1035 3292 reiectam
1051 3233 1144 3292 fuisse

133 3323 315 3402 putaverim.
356 3321 527 3382 testimonia
550 3319 711 3380 seeundum
733 3320 913 3395 scriptorum
931 3324 1067 3396 tempora
1086 3324 1144 3381 ool·

135 3415 210 3474 loeo.
257 3412 416 3471 Terentius
439 3409 575 3470 Clemens
599 3408 716 3468 scribit:
740 3401 852 3468 ‘Labeo
874 3403 1014 3486 putabat'
1037 3411 1073 3471 D.
1094 3415 1145 3485 37,

139 3505 259 3576 14,10.
306 3499 484 3559 Venuleius:
514 3493 630 3556 ‘Labeo
659 3492 864 3556 existimabat’
891 3498 927 3556 D.
947 3501 1144 3577 46,8,8,2.
