2512 3888
398 206 423 255 s.
449 198 808 256 61666166616666
1045 199 1109 264 389

99 361 189 432 5391.
215 371 287 429 649.
315 369 388 428 680.
413 370 485 428 732.
510 370 582 428 748.
608 369 680 428 757.
706 370 777 428 769.
807 360 886 449 799)
940 368 987 428 661
1033 369 1112 446 quod

100 454 210 536 ‘magia
237 450 349 534 placet'
374 452 420 536 (P.
440 448 532 539 403),
563 456 642 532 quod
664 450 780 516 ‘verum
803 450 860 516 666
884 448 930 537 (P.
950 459 1023 518 509.
1038 459 1111 517 544.

99 549 174 610 554.
195 549 268 607 555.
285 548 357 606 789.
375 536 454 626 803)
476 546 526 607 661
549 539 660 607 ‘verius
684 538 741 604 666
765 539 813 627 (Ρ.
829 546 901 605 513.
918 537 1005 606 6001.
1022 539 1111 606 6961.

99 637 173 697 735.
190 626 269 717 781)
293 635 342 695 661
366 653 441 712 quae
464 627 627 694 ‘sententia
651 634 750 694 verior
773 627 832 694 ost'
853 624 904 713 (Ρ.Ι
922 627 1008 714 788),
1031 636 1111 712 quod

98 721 209 803 ‘magis
237 718 296 783 666
319 715 366 804 (Ρ.
388 716 482 804 699),
509 717 644 800 ‘propius
670 717 728 782 666
751 714 798 803 (Ρ.
818 713 912 804 747),
940 717 1110 783 ‘humanius

99 807 158 874 666
182 805 229 894 (Ρ.
250 805 338 873 7731.
359 803 464 894 7791),
492 813 552 871 6116
575 811 695 871 similia.
741 812 777 870 66
801 811 971 871 scholarum
993 831 1110 890 quoque

98 901 310 964 controversiis
345 900 542 978 Pomponium
576 900 743 976 disputasse
770 900 915 960 nonnulla
941 900 1111 978 fragmenta

99 992 208 1052 docent
229 983 277 1072 (P.
296 992 371 1050 448.
391 992 464 1051 750.
485 982 571 1072 788).

187 1078 339 1150 Quasnam
361 1097 409 1139 res
432 1097 522 1157 quam
546 1079 708 1156 6111666166
725 1077 906 1154 Pomponius
924 1077 1112 1152 tractaverit,

98 1169 236 1246 exempla
262 1168 469 1227 demonstrant
495 1168 569 1227 haec
596 1187 633 1226 ex
660 1167 764 1242 primis
791 1165 876 1226 libris
899 1167 1008 1242 petita:
1036 1166 1113 1226 dixit

97 1258 134 1317 de
157 1257 287 1317 testibus
310 1255 341 1315 in
364 1257 528 1315 ordinando
551 1259 734 1316 testamento
757 1255 932 1315 adhibendis
949 1256 1040 1333 idque
1058 1255 1112 1332 ita,

96 1349 134 1406 ut
161 1347 332 1424 quaereret,
358 1362 431 1404 num
461 1363 562 1404 ornnes
589 1347 683 1404 testes
710 1345 759 1404 661
786 1363 845 1404 666
874 1345 964 1404 anulo
993 1345 1111 1421 signare

96 1437 311 1497 testamentum
339 1436 461 1510 possent
489 1425 535 1514 (P.
561 1426 653 1515 383),
684 1433 759 1492 dixit
787 1433 823 1492 de
850 1433 994 1492 codicillis
1017 1436 1111 1493 testa-

97 1525 200 1582 mento
229 1521 411 1582 confirmatis
440 1523 471 1581 61
498 1522 534 1580 66
561 1522 599 1581 116
627 1540 757 1598 quoque,
787 1521 894 1597 quibus
922 1522 1036 1597 aliquid
1059 1522 1111 1580 ad·

96 1611 217 1687 scripsit
249 1614 355 1686 postea
386 1610 528 1688 deletum,
559 1613 595 1669 ut
625 1612 728 1669 tamen
760 1613 920 1686 appareret
947 1603 991 1688 (P.
1016 1604 1110 1690 435),

96 1699 174 1759 dixit
192 1699 227 1758 de
246 1699 348 1774 legata
365 1717 444 1774 6666
459 1690 507 1779 (Ρ.
522 1691 610 1777 500),
629 1698 813 1774 supellectile
828 1691 875 1777 (P.
890 1701 963 1758 491.
974 1700 1009 1759 cf.
1021 1700 1085 1760 393
1103 1745 1111 1776 ,

96 1793 179 1850 66616
189 1779 235 1869 (P.
248 1789 321 1848 393.
331 1779 421 1868 487),
431 1787 543 1847 mundo
554 1779 920 1867 (Ρ.48766.),666666116
930 1782 1084 1867 (Ρ.489,1
1103 1835 1110 1866 ,

96 1879 199 1938 616166
238 1877 269 1937 P.
289 1877 362 1936 443.
378 1878 441 1936 487
453 1867 522 1956 pn),
545 1878 670 1954 6666616
695 1866 742 1957 (P.
762 1876 825 1935 487
841 1872 860 1951 ξ
878 1879 904 1935 1.
924 1868 1013 1958 488),
1036 1896 1110 1938 auro

111 1965 144 2026 P.
166 1969 229 2026 393
251 1965 377 2042 ,domo
411 1957 457 2046 (P.
477 1957 645 2046 490§1),
677 1964 768 2024 fundo
801 1963 847 2044 (P.
867 1954 960 2044 436),
992 1967 1110 2026 homine

5 2119 8 2126 ,
112 2055 144 2116 Ρ.
174 2049 269 2133 439),
306 2059 441 2114 armento
473 2056 504 2113 et
538 2054 673 2113 iumento
706 2046 753 2134 (P.
782 2047 874 2132 492),
911 2054 1027 2114 urbana
1061 2057 1111 2116 661

94 2144 213 2203 rustica
244 2143 359 2202 familia
387 2135 433 2224 (P.
453 2145 526 2203 493.
541 2134 689 2224 48766),
722 2161 813 2221 grege
841 2133 889 2225 (P.
909 2141 1002 2223 442),
1034 2163 1111 2206 6666

97 2224 146 2313 (Ρ.
171 2233 236 2291 494
260 2229 279 2308 ξ
299 2225 347 2313 4),
381 2239 412 2292 61
442 2232 486 2292 116
518 2233 653 2311 quidem,
684 2234 720 2291 ut
751 2232 783 2291 16
812 2251 923 2309 666666
952 2234 1110 2294 166616666

96 2321 147 2382 661
174 2321 238 2381 6166
266 2321 414 2381 rationem
440 2321 578 2398 haberet,
600 2321 649 2380 eui
675 2339 770 2397 66666
795 2321 897 2398 166616
924 2323 964 2381 611
991 2326 1111 2399 6666166

95 2407 201 2470 viuum
227 2409 278 2469 661
300 2410 395 2470 66616
417 2428 513 2486 66666
535 2413 656 2486 6666166
677 2409 780 2469 uinum
804 2409 884 2487 quod
908 2410 1020 2471 Romae
1043 2411 1111 2490 erit,

97 2499 129 2557 in
152 2499 236 2558 66616
259 2499 360 2575 166616
378 2501 409 2557 61
432 2498 469 2556 66
491 2497 574 2559 uirili
596 2497 682 2556 6166
705 2497 845 2555 muliebri
867 2501 951 2558 66616
972 2503 1110 2559 66666616

97 2585 220 2664 6166661,
238 2587 269 2646 16
287 2589 412 2665 6666616
430 2586 531 2664 legato
551 2586 587 2645 de
605 2584 736 2661 pondere
755 2585 872 2662 argenti
891 2589 921 2645 et
935 2584 972 2645 de
985 2591 1110 2665 6666616

94 2677 186 2752 16616,
215 2676 247 2734 16
276 2674 332 2735 hoo
361 2676 393 2735 et
422 2674 459 2734 de
486 2677 610 2752 6666616
639 2672 751 2732 6666616
770 2675 801 2732 61
818 2673 944 2750 potorio,
967 2675 1000 2734 in
1022 2677 1110 2735 domo

95 2765 145 2827 661
178 2765 270 2824 16666
301 2767 332 2824 61
361 2762 397 2823 66
427 2763 573 2823 instructo
602 2763 704 2840 legato
733 2763 782 2822 661
811 2779 880 2820 666
912 2761 1111 2823 instrumento

95 2856 207 2932 166616.
254 2852 317 2930 6611
339 2853 376 2913 (16
394 2853 556 2912 usufructu
573 2853 623 2912 661
636 2869 695 2910 666
707 2851 827 2910 666166
852 2841 900 2932 (Ρ.
919 2843 1009 2934 456),
1024 2870 1110 2911 areae

95 2935 145 3025 (P.
164 2935 253 3025 459),
275 2941 487 3002 nomismatum
507 2960 665 3002 aureorum
684 2939 733 3000 661
755 2943 977 3017 argenteorum,
1000 2940 1110 3018 quibus

95 3049 152 3109 pro
176 3031 301 3110 gemmis
328 3030 375 3090 611
403 3030 501 3091 solent
522 3023 570 3113 (P.
595 3020 688 3111 457),
711 3028 796 3088 16661
819 3022 868 3110 (P.
892 3021 986 3110 466),
1009 3031 1110 3108 gregia

96 3118 143 3199 (P.
159 3112 249 3200 458),
267 3120 299 3180 16
313 3120 410 3196 666616
434 3120 470 3179 66
493 3120 653 3179 usufructu
676 3117 763 3176 uxori
786 3136 854 3176 cum
877 3118 982 3179 liberis
1004 3119 1110 3179 relicto

95 3203 143 3290 (P.
162 3201 251 3291 461),
274 3209 310 3268 de
339 3209 459 3269 aedium
486 3226 544 3268 666
573 3207 681 3267 616666
712 3207 816 3266 6611616
847 3197 894 3288 (P.
922 3209 996 3269 467.
1021 3200 1111 3289 469),

94 3301 128 3358 61
154 3297 199 3357 ita
225 3297 359 3376 quidem,
384 3300 421 3357 ut
447 3297 480 3356 16
506 3297 563 3356 hoc
589 3296 690 3373 legato
719 3299 892 3372 quaereret,
919 3290 969 3356 ‘an
996 3298 1110 3374 nuptiis

95 3388 259 3447 contractis
288 3390 358 3462 post
389 3385 587 3446 constitutum
617 3402 707 3443 usum
736 3384 845 3443 mulier
874 3385 1013 3446 habitare
1042 3406 1110 3447 666

95 3476 206 3534 marito
237 3474 332 3552 possit
363 3475 411 3534 661
443 3473 534 3535 61166
566 3492 633 3533 666
666 3466 779 3532 socero'
811 3464 858 3553 (P.
888 3466 978 3557 467),
1011 3479 1042 3536 61
1078 3476 1110 3535 16

95 3562 217 3624 666166
243 3582 302 3623 666
329 3563 448 3622 6611661
470 3563 576 3624 6611616
605 3561 836 3639 66166166616
859 3563 915 3624 hac
938 3565 1110 3626 condicione
