2512 3888
152 148 219 214 456
259 149 292 204 11.
320 147 483 203 010010
506 144 1029 204 00000.00000.0000.10000
1054 147 1155 204 cons.
1190 116 1194 129 '

153 318 223 376 dum
257 315 443 374 admittentis
476 315 695 393 supellectilem
726 309 919 393 argenteam'.
973 315 1158 393 Papinianus

152 405 188 467 D.
205 407 256 481 33,
272 405 322 481 10,
339 406 399 482 9,1
425 398 445 465 ‘.
461 450 468 464 .
487 407 644 481 argenteos
666 405 770 482 lectos,
792 404 865 464 item
887 407 1031 482 argentea
1052 405 1157 466 caude-

152 492 239 552 labra
261 492 443 569 supellectili
465 493 569 552 cedere
591 494 740 570 posterior
761 494 844 554 aetas
866 486 998 570 recepit'.

241 580 380 642 Fortasse
417 600 454 641 ex
490 581 593 641 Sabini
628 580 713 641 libris
750 580 854 642 Celsus
890 583 921 640 at
955 581 1069 642 Paulus
1104 582 1159 642 illa

152 669 314 747 petierunt.
359 673 439 730 certe
464 669 616 747 Sabinum,
645 670 790 748 siquidem
814 670 850 729 de
873 670 1054 746 supellectili
1075 670 1156 746 dixit

153 777 225 820 vasa
252 778 326 819 auro
354 759 449 820 solida
475 759 679 819 ministrandis
707 758 780 819 cibis
808 762 954 836 apparata
979 760 1158 836 supellectili

152 848 271 926 legatae
298 848 400 908 cedere
429 851 547 925 oportet
571 866 705 926 negasse.
750 866 785 906 ex
813 867 872 924 quo
899 850 1034 924 tempore
1057 853 1159 909 autem

153 939 275 997 senatus
285 936 360 996 illud
370 937 521 997 decretum
530 937 593 996 iam
601 936 819 1015 neglegebctur
829 929 949 1016 (Celsus
958 936 995 996 D.
1006 939 1058 1010 33,
1074 939 1125 1010 10,
1138 940 1160 996 2

153 1026 208 1085 ait:
243 1019 315 1085 ‘iam
346 1045 382 1085 ex
414 1045 487 1085 auro
519 1029 609 1100 atque
641 1025 764 1104 gemmis
795 1025 976 1101 supellectili
1002 1019 1160 1088 utuntur’¹

154 1117 244 1193 atque
269 1115 381 1174 Seneca
404 1134 468 1192 epp.
485 1117 569 1193 87,7
595 1108 699 1174 ‘aurea
721 1114 855 1190 supellex
876 1113 968 1174 stiam
990 1115 1021 1174 in
1044 1114 1095 1174 via
1117 1133 1160 1175 00-
1216 1137 1217 1140 ’

153 1195 293 1284 quitur'),
318 1203 466 1264 sententia
488 1203 542 1262 illa
560 1203 688 1278 amplius
708 1202 826 1262 defendi
843 1222 901 1262 non
919 1203 1026 1279 potuit.
1064 1221 1160 1282 neque

155 1292 244 1352 aliter
266 1311 301 1352 ac
325 1292 361 1351 de
384 1292 482 1352 aureis
505 1292 566 1351 illis
588 1291 668 1353 vasis
692 1291 819 1352 Sabinus
837 1291 964 1351 fortasse
982 1292 1019 1351 de
1037 1293 1161 1369 quibus-

155 1381 224 1441 dam
252 1381 415 1458 argenteis,
445 1399 521 1458 quae
549 1384 654 1456 postea
679 1398 733 1456 pro
761 1380 940 1456 supellectili
962 1379 1162 1458 habebantur,

156 1470 278 1547 statuit3
296 1489 366 1529 nam
385 1471 463 1547 quod
478 1469 660 1546 Papinianus
673 1468 709 1528 D.
722 1470 903 1547 33,10,9,1
924 1469 979 1529 ait:
998 1464 1161 1545 ‘Supellec-

156 1559 219 1620 tilis
245 1577 363 1618 mensas
390 1576 454 1618 esse
482 1560 693 1635 cuiuscumque
720 1557 877 1635 materiae,
905 1557 1019 1618 scilicet
1041 1558 1092 1618 vel
1115 1577 1162 1618 ar-

156 1652 279 1726 genteas
312 1648 360 1709 vel
392 1650 515 1726 argento
547 1647 678 1707 inclusas
709 1640 830 1723 placet',
863 1665 923 1706 non
954 1646 1078 1724 Sabino,
1112 1646 1164 1707 sed

155 1736 284 1812 posteris
307 1736 426 1796 demum
448 1736 523 1796 iuris
546 1736 688 1796 consultis
711 1735 858 1812 placuisse
880 1739 963 1811 puto.

380 1950 535 2010 010000
558 1954 778 2023 conseparata
800 1951 939 2023 10000100.

245 2073 290 2132 De
310 2092 382 2134 auro
402 2074 481 2151 quod
498 2073 601 2133 uxoris
619 2091 708 2134 causa
725 2076 865 2150 paratum
882 2075 928 2132 est
941 2073 989 2133 vel
1003 2072 1071 2150 erit,
1088 2072 1168 2132 dixit

157 2161 273 2222 Mucius
293 2153 323 2241 (I
336 2182 365 2239 p.
382 2153 453 2242 78);
476 2161 512 2222 10
530 2162 601 2220 lana
618 2161 679 2221 lino
697 2181 840 2239 purpura,
859 2180 935 2239 quae
953 2162 1055 2221 uxoris
1074 2179 1169 2222 causa

155 2251 263 2326 parata
290 2253 374 2328 sunt,
408 2249 530 2310 Servius
556 2243 598 2330 (p.
622 2241 699 2333 178)
727 2253 759 2311 01
784 2249 911 2310 Alfenus
938 2242 983 2330 (p
1001 2243 1095 2329 296);
1129 2249 1167 2308 de

155 2341 249 2416 00010,
267 2339 378 2399 mundo
395 2338 547 2416 muliebri,
563 2339 744 2400 ornamentis
762 2339 908 2416 omnibus,
929 2357 1011 2414 auro,
1030 2342 1168 2417 argento,

157 2427 237 2506 quod
272 2428 374 2488 uxoris
411 2445 502 2488 causa
533 2430 647 2488 factum
678 2431 877 2506 paratumque
909 2429 966 2502 001,
1004 2427 1167 2487 Trebatius

157 2510 199 2596 (p.
220 2509 314 2598 409);
351 2516 386 2576 de
416 2519 500 2579 veste
532 2537 608 2596 quae
641 2517 819 2578 concubinae
851 2535 941 2576 causa
972 2518 1080 2592 parata
1111 2519 1169 2592 est,

157 2605 320 2667 Cascellius
339 2600 380 2684 (p.
396 2598 485 2690 373),
509 2607 667 2669 Trebatius
686 2599 729 2685 (p.
743 2602 833 2683 400),
853 2604 954 2664 Labeo
974 2595 1019 2686 (H
1031 2623 1060 2680 p.
1078 2596 1168 2686 103).

245 2696 291 2755 Ex
309 2695 395 2755 libris
413 2696 452 2756 01
467 2695 611 2756 Sabinum
629 2695 667 2756 ad
685 2696 740 2755 boo
756 2695 890 2772 legatum
907 2696 1023 2770 spectat
1036 2693 1168 2752 fortasse

156 2785 359 2863 fragmentum
370 2785 457 2844 Pauli
468 2784 499 2842 P.
513 2786 607 2862 1675,
621 2786 701 2844 certe
715 2785 853 2860 spectant
860 2781 983 2858 Ulpiani
996 2781 1172 2858 fragmenta

156 2873 189 2932 P.
207 2875 434 2934 aeae—2638.
474 2871 630 2950 Pomponii
652 2872 821 2949 fragmenta
843 2890 903 2932 non
921 2873 1032 2930 extant
1073 2869 1169 2930 Lenel

158 2962 209 3040 qui
241 2961 321 3039 apud
349 2961 433 3021 Paul.
461 2961 494 3019 P.
516 2962 600 3020 1675
633 2959 672 3019 01
697 2959 855 3037 Pomponii
887 2959 999 3018 librum
1024 2956 1070 3017 VI
1097 2953 1172 3018 ‘sub

157 3049 214 3111 hac
235 3043 367 3109 rubrica’
390 3049 530 3125 remittit,
553 3048 705 3108 rubricam
725 3067 759 3109 re
782 3067 854 3109 vera
876 3043 986 3108 omisit

248 3138 350 3198 Sabini
371 3138 542 3214 fragmenta
564 3142 646 3219 certa
667 3157 727 3198 non
748 3137 919 3198 traduntur.
964 3154 1040 3214 quae
1063 3133 1175 3212 Ulpia·

158 3245 215 3286 nus
241 3226 278 3286 D.
294 3227 455 3303 32,45pr.
479 3224 511 3285 P.
528 3228 612 3286 2635
644 3226 752 3288 tradit:
788 3226 853 3286 Hoc
884 3225 1019 3304 legatum
1053 3217 1174 3284 ‘uxoris

158 3331 249 3396 causa
290 3305 407 3388 parata'
448 3315 586 3392 generale
627 3317 673 3375 est
713 3317 744 3376 et
785 3313 917 3374 continet
951 3316 1015 3372 tam
1051 3316 1175 3375 vestem

232 3519 246 3565 1
265 3512 359 3568 Verba
377 3530 448 3581 quae
466 3515 613 3570 traduntur
630 3518 761 3595 corrupta
778 3513 916 3570 videntur.
