2568 3890
12 1195 13 1198 Ἴ
117 1111 267 1176 misisset.

411 153 435 201 7.
461 145 498 201 M.
517 145 706 202 ANTISTIUS
724 147 841 205 LABEO
1064 149 1130 214 235

117 312 167 378 ait
184 331 223 375 ao
241 309 269 374 ei
282 309 343 373 viri
358 308 436 374 boni
453 308 612 373 arbitratu
626 308 771 394 legatum
786 311 838 374 sit.
870 310 978 376 Labeo
995 313 1130 397 quaerit,

117 399 391 486 quemadmodum
410 400 554 482 apparet,
573 403 728 480 quantam
746 398 854 463 dotem
874 400 1025 485 cuiusque
1044 402 1129 465 filiae

117 489 198 555 boni
225 487 285 553 viri
314 486 473 552 arbitratu
497 487 651 551 constitui
675 491 824 573 oportet3-
845 489 892 551 aii
914 490 947 553 id
969 511 1035 554 non
1058 511 1128 555 esse

76 581 80 588 '
117 577 250 643 difficile
273 598 312 640 ex
335 575 502 660 dignitate,
525 597 564 640 ex
586 574 810 659 facultatibus,
834 597 872 639 ex
895 598 1027 643 numero
1051 580 1129 644 libe·

116 689 229 734 rorum
251 667 480 728 testamentum
502 663 651 729 facientis
675 663 854 729 aestimare.

209 756 261 820 64.
282 752 322 819 D.
332 754 384 836 23,
395 753 487 836 3‚41,
497 753 527 817 4.
564 751 684 816 Paulus
704 752 787 817 libro
806 754 995 836 brigensimo
1015 757 1127 838 quinio

118 845 160 910 ad
192 844 331 908 edictum
359 840 406 925 (P.
430 838 519 928 535).
548 878 590 888 -
619 840 655 906 si
687 840 814 906 debitor
846 843 989 906 mulieris
1019 843 1128 908 dotem

110 931 305 1018 ¹promiserit
345 935 377 994 ei
411 931 578 996 mulierem
608 929 764 1001 ,heredem
800 930 980 1014 reliquerit,
1020 930 1128 996 Labeo

116 1021 249 1106 perinde
276 1020 461 1084 habendum
489 1020 548 1103 nib,
578 1041 615 1084 ae
644 1020 671 1082 si
693 1019 809 1084 mulier
830 1018 903 1104 ipsa
927 1020 1033 1084 dotem
1056 1042 1129 1104 pro·

12 1251 13 1290 p
207 1198 258 1265 65.
278 1197 317 1262 D.
327 1197 380 1275 24,
389 1197 418 1280 3,
428 1198 481 1273 22,
491 1197 520 1262 6.
549 1195 708 1280 Ulpianus
723 1196 807 1261 libro
822 1197 1012 1282 trigensimo
1027 1198 1125 1262 tertio

117 1289 159 1352 ad
186 1287 326 1352 edictum
354 1283 404 1372 (P.
422 1283 510 1370 954).
542 1321 580 1332 —
685 1287 873 1370 probamuS,
906 1286 992 1370 quod
1018 1285 1128 1353 Labeo

116 1377 244 1461 probat,
268 1396 509 1458 nonnumquam
531 1375 619 1458 patri
641 1374 864 1460 denegandam
887 1369 1048 1440 actionem
1070 1371 1128 1461 (so.

116 1465 164 1531 rei
182 1460 339 1552 uxoriae),
359 1463 387 1528 ri
405 1467 473 1527 tam
491 1461 595 1546 turpis
614 1484 753 1546 persona
772 1464 875 1548 patris
895 1463 947 1543 sii,
966 1470 1003 1529 ut
1017 1485 1129 1528 veren-

111 1554 194 1619 dum
218 1554 275 1633 sib,
297 1575 338 1617 ne
362 1551 660 1635 acceptamooeem
684 1556 861 1616 consumat.

205 1646 305 1706 Verba
332 1665 392 1706 non
417 1645 537 1721 integra
563 1648 646 1722 enni,
677 1645 729 1705 sed
752 1664 770 1703 a
794 1645 976 1705 Triboniano
1000 1648 1128 1705 mutata.

24 1773 27 1778 ·
112 1736 288 1796 ,Beohmann
310 1734 488 1794 Dotalreeht
509 1733 541 1791 H
560 1735 696 1810 310sqq.
734 1733 828 1792 Lenel
849 1737 948 1794 notat:
969 1729 1128 1810 ‘Ulpianus

115 1825 243 1884 forbasse
275 1825 347 1882 haee
379 1823 442 1882 fere
474 1822 610 1881 dederat:
642 1822 743 1881 Labeo
775 1824 884 1898 probat
913 1823 1037 1882 absente
1064 1823 1128 1882 filia

114 1931 341 1988 nonnumquam
363 1911 443 1987 patri
466 1910 671 1986 denegandam
695 1911 843 1970 actionem
863 1958 869 1970 .
886 1958 892 1971 .
907 1905 926 1969 .'

207 1995 257 2060 66.
277 1995 316 2061 Ι).
332 1994 383 2075 25,
396 1997 425 2081 1,
436 1995 464 2075 1,
475 1996 503 2060 3.
540 1993 700 2077 Ulpianus
719 1994 803 2060 libro
822 1995 1012 2080 brigensimo
1033 2000 1125 2060 sexio

116 2086 156 2150 ad
181 2082 337 2149 Sabinum
362 2084 410 2166 (P.
429 2081 540 2169 2805).
564 2093 606 2129 '—
630 2082 720 2147 Inter
743 2083 939 2148 necessarias
963 2084 1126 2169 impensas

117 2195 185 2239 esse
212 2172 321 2238 Labeo
352 2171 399 2238 aii
426 2172 527 2237 moles
555 2171 589 2236 in
617 2193 704 2236 mare
734 2173 785 2237 vel
811 2172 931 2238 fiumen
958 2175 1127 2258 proiectas.

117 2262 171 2327 sed
203 2265 236 2326 ei
269 2261 297 2327 si
327 2261 502 2344 pistrinum
533 2261 585 2325 vel
612 2261 764 2325 horreum
796 2263 977 2327 necessario
1005 2263 1126 2328 fautum

117 2353 168 2436 eii,
189 2352 224 2416 in
246 2351 435 2415 necessariis
458 2350 613 2434 impensis
636 2349 820 2414 habendum
844 2351 899 2416 aii.

204 2440 256 2505 67.
276 2439 314 2504 D.
329 2440 381 2518 24,
393 2440 483 2520 1,29,
495 2440 523 2502 1.
555 2438 755 2521 Pomponius
772 2439 856 2503 libro
871 2445 986 2522 quarto
1002 2440 1125 2504 deoimo

116 2529 155 2593 ad
179 2528 334 2594 Sabinum
358 2524 407 2613 (P.
427 2524 517 2612 599).
543 2563 580 2572 -
607 2524 642 2590 Si
672 2527 720 2589 vir
742 2528 835 2591 uxori
859 2527 970 2591 lanam
993 2528 1126 2593 donavit

116 2622 148 2682 eb
170 2615 292 2701 <uxor>
315 2637 354 2679 ex
377 2637 414 2680 ea
437 2617 513 2678 lana
536 2615 730 2679 vestimenta
754 2614 817 2678 sibi
840 2615 993 2698 confecit,
1016 2619 1126 2681 uxoris
1194 2652 1197 2658 ·

12 2683 13 2704 ³
115 2728 184 2772 erse
206 2707 402 2770 vestimenta
425 2703 533 2767 Labeo
558 2702 612 2766 ait.

203 2794 255 2860 68.
274 2793 312 2858 Ι).
327 2792 404 2857 ibid.
418 2793 459 2857 31
472 2814 518 2877 pr.
537 2827 581 2838 -
600 2839 650 2854 ...
670 2791 698 2854 si
717 2789 766 2854 vir
784 2791 860 2856 lana
879 2813 938 2854 sua
953 2791 1125 2857 vestimen-

114 2888 183 2948 tum
214 2882 342 2947 mulieri
370 2879 556 2959 confecerit,
588 2880 733 2964 quamvis
763 2880 796 2945 id
822 2880 916 2946 uxori
944 2879 1126 2945 confectum

115 2973 211 3036 fuerit
229 2975 262 3036 eb
280 2971 389 3035 uxoris
409 2991 493 3052 eura,
511 2974 622 3034 tamen
641 2969 701 3033 viri
721 2991 790 3034 esse
811 2971 927 3053 [neque
946 2968 1127 3055 impedire]‚

114 3061 198 3146 quod
221 3060 256 3125 in
279 3081 317 3124 ea
340 3081 374 3124 re
397 3081 477 3123 uxor
499 3063 665 3142 tamquam
689 3058 875 3142 lanipendio
896 3057 994 3123 fuerit
1013 3061 1046 3122 eb
1063 3059 1126 3124 viri

114 3149 280 3234 negotium
303 3147 491 3232 procurarit.

204 3238 254 3302 69.
278 3235 317 3300 Ι).
331 3237 408 3301 ibid.
423 3237 476 3321 31,
490 3235 520 3300 1.
540 3272 580 3282 —
601 3232 635 3298 si
657 3256 738 3299 uxor
760 3235 836 3300 lana
854 3257 921 3319 sua,
946 3234 1052 3319 operis
1072 3257 1126 3300 an-

115 3326 263 3392 cillarum
281 3325 352 3409 viri,
370 3325 565 3390 vestimenta
585 3324 634 3387 sui
649 3324 778 3388 nomine
793 3324 933 3389 eonfeeib
947 3325 1124 3410 muliebria,
1225 3363 1229 3370 ·

114 3420 147 3482 eb
173 3415 366 3480 vestimenta
394 3413 538 3477 mulieris
567 3432 636 3477 esse
665 3417 698 3475 eb
720 3433 778 3495 pro
803 3413 909 3494 operis
933 3414 1125 3478 ancillarum
1188 3433 1195 3446 ·

12 3553 13 3570 .
113 3505 184 3570 viro
203 3507 369 3588 praestare
386 3500 470 3566 nihil
489 3501 616 3586 debere3
638 3501 693 3566 sed
712 3500 772 3564 viri
788 3500 917 3564 nomine
932 3503 1125 3569 vestimenta
