2568 3890
121 122 205 216 '252
241 123 262 178 l.
281 107 437 177 Anienis
455 120 613 178 AUGUSTI
630 121 678 178 ET
697 121 835 177 TIBERII
853 121 949 177 IURIS
970 122 1150 178 CONSULTI

142 288 175 348 et
198 284 317 350 dixeris
336 289 458 350 certam
477 307 661 350 mensuram
680 307 793 370 capere
811 284 862 350 vel
880 288 1001 350 certum
1021 285 1148 370 pondus

141 371 271 457 habere,
290 395 328 438 ex
347 378 454 458 empto
473 379 577 439 tecum
599 395 704 460 agam,
727 374 755 438 si
773 375 880 439 minus
898 377 1050 458 praestes.
1092 375 1149 478 sed

142 461 170 526 si
193 484 251 526 vas
275 462 353 526 mibi
377 463 606 527 vendideris't
580 466 635 545 1t,a
658 467 694 526 ut
717 463 935 528 adfirmares
926 485 959 527 1n
961 466 1098 565 tegrum,
1121 461 1149 528 si

141 551 173 613 id
204 551 366 635 integrum
389 552 535 636 nonsit,
563 552 730 634 etiamid,
758 552 842 637 quod
866 573 904 616 eo
927 552 1056 617 nomine
1078 573 1150 637 per-

142 638 287 724 diderim,
309 641 491 724 praestabis
515 602 658 726 drihi3
632 663 659 704 ει
682 661 843 705 veronen
862 641 893 705 id
912 643 1019 705 actum
1039 640 1091 724 sit,
1114 645 1151 706 ut

142 728 306 814 integrum
333 735 492 814 praestes,
519 729 628 794 dolum
650 731 771 793 malum
796 729 964 794 dumtaxat
985 691 1149 814 praestare

143 820 176 880 te
200 816 324 882 debere.
370 818 477 883 Labeo
500 823 614 883 contra
635 821 730 902 putat
753 823 785 883 et
809 818 888 883 illud
913 819 1017 884 solum
1040 819 1150 883 obser·

141 905 360 990 vandum,ut
345 907 425 992 tid,
448 907 512 971 nisi
537 908 570 971 in
594 907 810 972 contrarium¹
834 913 941 972 actum
966 907 1021 992 sit,
1049 907 1151 972 omni·

142 995 238 1059 modo
263 958 426 1080 integruni
450 995 609 1080 praestari
632 995 757 1062 debeat.

523 1171 566 1225 De
584 1171 657 1226 dolio
674 1175 769 1239 empto,

232 1270 304 1336 149.
330 1268 370 1335 D.
387 1271 437 1356 18,
452 1271 481 1354 6,
499 1272 570 1353 1‚2.
606 1269 767 1354 Ulpianus
790 1270 874 1335 libro
898 1270 1075 1336 vicensimo
1098 1294 1152 1338 ο1-

143 1363 218 1424 tavo
248 1360 287 1423 ad
317 1357 471 1424 Sabinum
500 1359 548 1442 (Ρ.
562 1355 675 1448 2717).
702 1396 744 1406 —
773 1357 807 1424 Si
837 1358 957 1425 dolium
986 1359 1150 1444 signatum

143 1448 186 1512 sit
223 1448 264 1513 ab
302 1453 459 1534 emptore,
495 1448 666 1513 Trebatius
705 1449 751 1513 ait
783 1448 938 1513 traditum
971 1448 1003 1513 id
1039 1449 1151 1532 videri,

142 1535 251 1601 Labeo
275 1540 389 1602 contra
412 1561 455 1624 ..3
478 1539 583 1623 magis
608 1537 693 1602 enim
716 1559 757 1601 ne
782 1540 1005 1621 summutetur,
1029 1537 1151 1624 signari

144 1625 260 1711 solere,
283 1649 380 1711 quam
403 1630 440 1690 ut
462 1626 618 1692 traditum
641 1626 797 1692 videatur.

439 1847 486 1905 Dc
508 1847 645 1906 1111111111
667 1847 857 1906 conductione.

467 1962 510 2016 De
527 1962 602 2017 11111
617 1977 720 2030 pascuo
739 1962 833 2018 locato.

234 2068 305 2136 150.
337 2069 377 2135 D.
399 2070 449 2154 19,
467 2072 497 2154 2,
518 2071 569 2154 19,
590 2072 619 2136 1.
663 2069 823 2155 Ulpianus
850 2071 932 2136 libro
961 2071 1152 2156 trigensimo

144 2159 282 2223 secundo
303 2159 343 2222 ad
366 2159 505 2223 edictum
525 2157 573 2245 (P.
588 2158 677 2243 951).
698 2193 736 2206 —
816 2160 842 2224 si
863 2161 980 2225 saltum
999 2183 1153 2245 pascuum

145 2247 274 2331 locasti,
301 2247 336 2311 in
363 2269 427 2332 quo
454 2248 554 2312 herba
582 2249 668 2312 mala
694 2249 899 2334 nascebatur,
923 2300 929 2315 .
950 2299 957 2314 .
981 2249 1009 2314 si
1036 2271 1154 2336 pecora

142 2335 194 2401 vel
228 2336 394 2400 demortua
426 2340 501 2402 sunt
532 2337 584 2402 vel
616 2337 714 2400 etiam
746 2337 800 2400 det
786 2337 905 2402 etriora
934 2338 1034 2422 facta,
1066 2339 1152 2424 quod

142 2425 279 2489 interest
301 2426 531 2509 praestabitur,
554 2427 582 2491 si
602 2425 680 2490 scist
681 2427 705 2512 i3
729 2425 755 2490 si
774 2426 941 2512 ignorasti,
964 2428 1152 2512 pensionem

144 2535 211 2578 non
234 2517 289 2598 pet
290 2517 390 2598 es,et
412 2518 460 2580 ι11
425 2512 595 2581 tServio
618 2513 818 2581 Labeoni.
833 2516 995 2601 .placuit.

504 2690 548 2744 De
565 2691 633 2746 oilla
651 2691 792 2746 conductu

235 2791 307 2855 151.
338 2790 378 2856 D.
400 2791 449 2874 19,
468 2792 499 2873 2,
519 2791 569 2873 11,
588 2791 617 2855 4.
662 2790 823 2876 Ulpianus
850 2790 933 2856 libro
961 2791 1152 2876 trigensimo

144 2879 284 2944 secundo
318 2880 358 2943 ad
387 2879 525 2943 edictum
555 2876 604 2964 (P.
618 2877 708 2964 947).
736 2913 779 2924 -
807 2879 897 2944 Inter
924 2881 1153 2946 conductorem

144 2973 177 3033 et
203 2968 291 3033 locat
277 2973 382 3033 torem
411 2972 617 3048 convenerat,
645 2988 684 3032 ne
712 2967 746 3030 in
773 2967 852 3032 villa
875 2968 1000 3034 urbana
1022 2969 1152 3036 faenum

146 3060 399 3141 componeretur.
445 3018 641 3140 composuit,
673 3055 786 3120 deinde
820 3077 929 3121 servus
957 3059 1030 3144 igne
1058 3059 1152 3125 illato

146 3146 319 3212 succendit
369 3145 416 3210 ait
443 3144 597 3210 Labeot
583 3146 685 3210 teneri
716 3146 943 3210 conductorem
970 3169 1009 3211 ex
1036 3146 1155 3233 locato,

146 3234 222 3318 quia
250 3235 319 3358 ipse
349 3256 478 3300 oausam
507 3235 658 3319 praebuit
643 3233 851 3299 tinferendo
880 3238 995 3300 contra
1022 3257 1151 3302 convere-

142 3321 263 3386 tionem
284 3372 291 3386 .

218 3501 232 3548 1
252 3495 300 3550 Fr.
318 3498 350 3550 ut
367 3495 423 3550 nisi
441 3496 469 3551 in
489 3497 657 3552 contrarium
676 3496 714 3554 id.
788 3505 803 3555 2
823 3499 870 3555 Fl.
890 3498 1109 3556 conductionem.
