<?xml version="1.0" encoding="UTF-8"?>
<!DOCTYPE html PUBLIC "-//W3C//DTD XHTML 1.0 Transitional//EN"
    "http://www.w3.org/TR/xhtml1/DTD/xhtml1-transitional.dtd">
<html xmlns="http://www.w3.org/1999/xhtml" xml:lang="en" lang="en">
 <head>
  <title>
</title>
<meta http-equiv="Content-Type" content="text/html;charset=utf-8" />
  <meta name='ocr-system' content='tesseract 3.04.00' />
  <meta name='ocr-capabilities' content='ocr_page ocr_carea ocr_par ocr_line ocrx_word'/>
</head>
<body>
  <div class='ocr_page' id='page_1' title='image "./iurisprudentiae04bremgoog_0406.png"; bbox 0 0 2512 3888; ppageno 0'>
   <div class='ocr_carea' id='block_1_1' title="bbox 144 163 1159 232">
    <p class='ocr_par' dir='ltr' id='par_1_1' title="bbox 144 163 1159 232">
     <span class='ocr_line' id='line_1_1' title="bbox 144 163 1159 232; baseline 0.003 -11"><span class='ocrx_word' id='word_1_1' title='bbox 144 167 211 232; x_wconf 90' lang='grc'>418</span> <span class='ocrx_word' id='word_1_2' title='bbox 253 167 287 221; x_wconf 92' lang='grc' dir='ltr'>ΙΙ.</span> <span class='ocrx_word' id='word_1_3' title='bbox 313 165 381 223; x_wconf 87' lang='grc' dir='ltr'>ΤΙΒ.</span> <span class='ocrx_word' id='word_1_4' title='bbox 405 165 481 220; x_wconf 84' lang='lat' dir='ltr'>GAII</span> <span class='ocrx_word' id='word_1_5' title='bbox 503 163 632 221; x_wconf 72' lang='lat' dir='ltr'>cuiun.</span> <span class='ocrx_word' id='word_1_6' title='bbox 656 164 794 222; x_wconf 85' lang='lat' dir='ltr'>NERON.</span> <span class='ocrx_word' id='word_1_7' title='bbox 811 163 918 221; x_wconf 82' lang='grc' dir='ltr'>ΤΕΜΡ.</span> <span class='ocrx_word' id='word_1_8' title='bbox 936 165 1033 222; x_wconf 72' lang='lat' dir='ltr'>Iunis</span> <span class='ocrx_word' id='word_1_9' title='bbox 1057 165 1159 226; x_wconf 80' lang='lat' dir='ltr'>CONS.</span> 
     </span>
    </p>
   </div>
   <div class='ocr_carea' id='block_1_2' title="bbox 146 327 1157 416">
    <p class='ocr_par' dir='ltr' id='par_1_2' title="bbox 146 327 1157 416">
     <span class='ocr_line' id='line_1_2' title="bbox 146 327 1157 416; baseline -0.001 -21"><span class='ocrx_word' id='word_1_10' title='bbox 146 333 281 415; x_wconf 88' lang='lat' dir='ltr'>propter</span> <span class='ocrx_word' id='word_1_11' title='bbox 296 328 465 394; x_wconf 84' lang='lat' dir='ltr'>sollemnia</span> <span class='ocrx_word' id='word_1_12' title='bbox 479 328 669 394; x_wconf 73' lang='lat' dir='ltr'>testamenti</span> <span class='ocrx_word' id='word_1_13' title='bbox 685 327 886 408; x_wconf 81' lang='lat' dir='ltr'>adhibentur,</span> <span class='ocrx_word' id='word_1_14' title='bbox 906 329 1019 394; x_wconf 86' lang='lat' dir='ltr'>durare</span> <span class='ocrx_word' id='word_1_15' title='bbox 1034 328 1157 416; x_wconf 85' lang='lat' dir='ltr'>debere,</span> 
     </span>
    </p>
   </div>
   <div class='ocr_carea' id='block_1_3' title="bbox 148 418 846 502">
    <p class='ocr_par' dir='ltr' id='par_1_3' title="bbox 148 418 846 502">
     <span class='ocr_line' id='line_1_3' title="bbox 148 418 846 502; baseline 0 -19"><span class='ocrx_word' id='word_1_16' title='bbox 148 419 249 484; x_wconf 89' lang='lat' dir='ltr'>donec</span> <span class='ocrx_word' id='word_1_17' title='bbox 273 439 424 501; x_wconf 91' lang='lat' dir='ltr'>suprema</span> <span class='ocrx_word' id='word_1_18' title='bbox 447 418 639 483; x_wconf 82' lang='lat' dir='ltr'>contestatio</span> <span class='ocrx_word' id='word_1_19' title='bbox 663 421 846 502; x_wconf 78' lang='lat' dir='ltr'>peragatur.</span> 
     </span>
    </p>
   </div>
   <div class='ocr_carea' id='block_1_4' title="bbox 146 505 1158 770">
    <p class='ocr_par' dir='ltr' id='par_1_4' title="bbox 146 505 1158 770">
     <span class='ocr_line' id='line_1_4' title="bbox 180 505 1157 592; baseline -0.003 -17"><span class='ocrx_word' id='word_1_20' title='bbox 180 567 183 575; x_wconf 77' lang='grc'>.</span> <span class='ocrx_word' id='word_1_21' title='bbox 236 506 279 572; x_wconf 78' lang='lat'>6?</span> <span class='ocrx_word' id='word_1_22' title='bbox 303 507 342 572; x_wconf 98' lang='lat' dir='ltr'>D.</span> <span class='ocrx_word' id='word_1_23' title='bbox 357 507 410 590; x_wconf 88' lang='lat'>28,</span> <span class='ocrx_word' id='word_1_24' title='bbox 430 507 458 588; x_wconf 89' lang='lat' dir='ltr'>l,</span> <span class='ocrx_word' id='word_1_25' title='bbox 474 507 527 592; x_wconf 92' lang='lat'>21,</span> <span class='ocrx_word' id='word_1_26' title='bbox 547 506 576 571; x_wconf 93' lang='lat' dir='ltr'>l.</span> <span class='ocrx_word' id='word_1_27' title='bbox 631 505 793 590; x_wconf 83' lang='lat' dir='ltr'>Ulpianus</span> <span class='ocrx_word' id='word_1_28' title='bbox 826 507 912 572; x_wconf 89' lang='lat' dir='ltr'>libro</span> <span class='ocrx_word' id='word_1_29' title='bbox 946 507 1085 572; x_wconf 89' lang='lat' dir='ltr'>secundo</span> <span class='ocrx_word' id='word_1_30' title='bbox 1118 508 1157 572; x_wconf 90' lang='lat' dir='ltr'>ad</span> 
     </span>
     <span class='ocr_line' id='line_1_5' title="bbox 148 591 1158 682; baseline 0 -21"><span class='ocrx_word' id='word_1_31' title='bbox 148 593 303 661; x_wconf 84' lang='lat' dir='ltr'>Sabinum</span> <span class='ocrx_word' id='word_1_32' title='bbox 323 591 372 681; x_wconf 91' lang='lat' dir='ltr'>(P.</span> <span class='ocrx_word' id='word_1_33' title='bbox 386 592 498 682; x_wconf 82' lang='lat'>2436).</span> <span class='ocrx_word' id='word_1_34' title='bbox 517 632 561 644; x_wconf 90' lang='lat'><em>-</em></span> <span class='ocrx_word' id='word_1_35' title='bbox 580 593 615 660; x_wconf 80' lang='lat' dir='ltr'>si</span> <span class='ocrx_word' id='word_1_36' title='bbox 639 595 716 680; x_wconf 91' lang='lat' dir='ltr'>quid</span> <span class='ocrx_word' id='word_1_37' title='bbox 738 599 816 678; x_wconf 91' lang='lat' dir='ltr'>post</span> <span class='ocrx_word' id='word_1_38' title='bbox 839 595 961 660; x_wconf 84' lang='lat' dir='ltr'>factum</span> <span class='ocrx_word' id='word_1_39' title='bbox 984 599 1158 661; x_wconf 87' lang='lat' dir='ltr'>testamen·</span> 
     </span>
     <span class='ocr_line' id='line_1_6' title="bbox 146 684 1158 770; baseline 0.003 -22"><span class='ocrx_word' id='word_1_40' title='bbox 146 689 217 750; x_wconf 91' lang='lat' dir='ltr'>tum</span> <span class='ocrx_word' id='word_1_41' title='bbox 245 684 364 750; x_wconf 88' lang='lat' dir='ltr'>mutari</span> <span class='ocrx_word' id='word_1_42' title='bbox 392 685 527 768; x_wconf 81' lang='lat' dir='ltr'>placuit,</span> <span class='ocrx_word' id='word_1_43' title='bbox 556 685 664 749; x_wconf 91' lang='lat' dir='ltr'>omnia</span> <span class='ocrx_word' id='word_1_44' title='bbox 692 705 730 748; x_wconf 87' lang='lat' dir='ltr'>ex</span> <span class='ocrx_word' id='word_1_45' title='bbox 753 685 880 770; x_wconf 80' lang='lat' dir='ltr'>integro</span> <span class='ocrx_word' id='word_1_46' title='bbox 905 684 1052 750; x_wconf 89' lang='lat' dir='ltr'>facienda</span> <span class='ocrx_word' id='word_1_47' title='bbox 1076 689 1158 751; x_wconf 88' lang='lat' dir='ltr'>sunt.</span> 
     </span>
    </p>
   </div>
   <div class='ocr_carea' id='block_1_5' title="bbox 395 867 909 943">
    <p class='ocr_par' dir='ltr' id='par_1_5' title="bbox 395 867 909 943">
     <span class='ocr_line' id='line_1_7' title="bbox 395 867 909 943; baseline -0.002 -15"><span class='ocrx_word' id='word_1_48' title='bbox 395 867 452 943; x_wconf 75' lang='lat' dir='ltr'>Qui</span> <span class='ocrx_word' id='word_1_49' title='bbox 474 871 642 928; x_wconf 80' lang='lat' dir='ltr'>testamento</span> <span class='ocrx_word' id='word_1_50' title='bbox 664 868 761 941; x_wconf 83' lang='lat' dir='ltr'>fucere</span> <span class='ocrx_word' id='word_1_51' title='bbox 777 871 909 942; x_wconf 79' lang='lat' dir='ltr'>possunt</span> 
     </span>
    </p>
   </div>
   <div class='ocr_carea' id='block_1_6' title="bbox 142 990 1235 2587">
    <p class='ocr_par' dir='ltr' id='par_1_6' title="bbox 145 990 1159 1335">
     <span class='ocr_line' id='line_1_8' title="bbox 232 990 1159 1072; baseline 0.002 -20"><span class='ocrx_word' id='word_1_52' title='bbox 232 992 375 1070; x_wconf 77' lang='lat' dir='ltr'>impubes</span> <span class='ocrx_word' id='word_1_53' title='bbox 407 994 510 1052; x_wconf 89' lang='lat' dir='ltr'>mutus</span> <span class='ocrx_word' id='word_1_54' title='bbox 543 992 652 1052; x_wconf 87' lang='lat' dir='ltr'>surdus</span> <span class='ocrx_word' id='word_1_55' title='bbox 683 990 816 1052; x_wconf 87' lang='lat' dir='ltr'>furiosus</span> <span class='ocrx_word' id='word_1_56' title='bbox 847 991 980 1070; x_wconf 89' lang='lat' dir='ltr'>itemque</span> <span class='ocrx_word' id='word_1_57' title='bbox 1006 993 1159 1072; x_wconf 85' lang='lat' dir='ltr'>prodigus,</span> 
     </span>
     <span class='ocr_line' id='line_1_9' title="bbox 148 1081 1158 1160; baseline -0.001 -18"><span class='ocrx_word' id='word_1_58' title='bbox 148 1081 198 1142; x_wconf 89' lang='lat' dir='ltr'>oui</span> <span class='ocrx_word' id='word_1_59' title='bbox 224 1083 291 1160; x_wconf 84' lang='lat' dir='ltr'>lege</span> <span class='ocrx_word' id='word_1_60' title='bbox 320 1081 405 1141; x_wconf 91' lang='lat' dir='ltr'>bonis</span> <span class='ocrx_word' id='word_1_61' title='bbox 433 1081 626 1142; x_wconf 83' lang='lat' dir='ltr'>interdictum</span> <span class='ocrx_word' id='word_1_62' title='bbox 654 1084 713 1158; x_wconf 87' lang='grc'>111,</span> <span class='ocrx_word' id='word_1_63' title='bbox 740 1083 956 1140; x_wconf 86' lang='lat' dir='ltr'>testamentum</span> <span class='ocrx_word' id='word_1_64' title='bbox 977 1081 1076 1141; x_wconf 87' lang='lat' dir='ltr'>facere</span> <span class='ocrx_word' id='word_1_65' title='bbox 1099 1102 1158 1142; x_wconf 92' lang='lat' dir='ltr'>non</span> 
     </span>
     <span class='ocr_line' id='line_1_10' title="bbox 149 1168 1158 1248; baseline 0 -18"><span class='ocrx_word' id='word_1_66' title='bbox 149 1176 288 1248; x_wconf 79' lang='lat' dir='ltr'>possunt3</span> <span class='ocrx_word' id='word_1_67' title='bbox 315 1171 388 1230; x_wconf 88' lang='lat' dir='ltr'>item</span> <span class='ocrx_word' id='word_1_68' title='bbox 417 1189 514 1246; x_wconf 90' lang='lat' dir='ltr'>neque</span> <span class='ocrx_word' id='word_1_69' title='bbox 536 1169 664 1228; x_wconf 85' lang='lat' dir='ltr'>Latinus</span> <span class='ocrx_word' id='word_1_70' title='bbox 686 1168 831 1228; x_wconf 87' lang='lat' dir='ltr'>Iunianus</span> <span class='ocrx_word' id='word_1_71' title='bbox 859 1189 956 1247; x_wconf 89' lang='lat' dir='ltr'>neque</span> <span class='ocrx_word' id='word_1_72' title='bbox 985 1170 1011 1228; x_wconf 89' lang='lat' dir='ltr'>is</span> <span class='ocrx_word' id='word_1_73' title='bbox 1035 1170 1087 1246; x_wconf 88' lang='lat' dir='ltr'>qui</span> <span class='ocrx_word' id='word_1_74' title='bbox 1110 1173 1158 1230; x_wconf 87' lang='lat' dir='ltr'>de-</span> 
     </span>
     <span class='ocr_line' id='line_1_11' title="bbox 145 1257 923 1335; baseline 0.001 -17"><span class='ocrx_word' id='word_1_75' title='bbox 145 1259 318 1320; x_wconf 84' lang='lat' dir='ltr'>diticiorum</span> <span class='ocrx_word' id='word_1_76' title='bbox 339 1278 463 1318; x_wconf 88' lang='lat' dir='ltr'>numero</span> <span class='ocrx_word' id='word_1_77' title='bbox 488 1262 543 1320; x_wconf 89' lang='lat' dir='ltr'>est.</span> <span class='ocrx_word' id='word_1_78' title='bbox 587 1257 855 1335; x_wconf 82' lang='lat' dir='ltr'>Ulp.20,12.13.</span> <span class='ocrx_word' id='word_1_79' title='bbox 873 1261 923 1319; x_wconf 89' lang='grc'>14.</span> 
     </span>
    </p>

    <p class='ocr_par' dir='ltr' id='par_1_7' title="bbox 142 1347 1160 1781">
     <span class='ocr_line' id='line_1_12' title="bbox 234 1347 1160 1427; baseline 0.002 -21"><span class='ocrx_word' id='word_1_80' title='bbox 234 1349 328 1407; x_wconf 83' lang='lat' dir='ltr'>Filius</span> <span class='ocrx_word' id='word_1_81' title='bbox 374 1347 506 1407; x_wconf 88' lang='lat' dir='ltr'>familiae</span> <span class='ocrx_word' id='word_1_82' title='bbox 551 1349 767 1407; x_wconf 85' lang='lat' dir='ltr'>testamentum</span> <span class='ocrx_word' id='word_1_83' title='bbox 809 1347 908 1407; x_wconf 86' lang='lat' dir='ltr'>facere</span> <span class='ocrx_word' id='word_1_84' title='bbox 948 1367 1008 1408; x_wconf 91' lang='lat' dir='ltr'>non</span> <span class='ocrx_word' id='word_1_85' title='bbox 1048 1351 1160 1427; x_wconf 83' lang='lat' dir='ltr'>potest,</span> 
     </span>
     <span class='ocr_line' id='line_1_13' title="bbox 145 1435 1159 1512; baseline 0.002 -16"><span class='ocrx_word' id='word_1_86' title='bbox 145 1437 289 1512; x_wconf 89' lang='lat' dir='ltr'>quoniam</span> <span class='ocrx_word' id='word_1_87' title='bbox 315 1436 391 1495; x_wconf 89' lang='lat' dir='ltr'>nihil</span> <span class='ocrx_word' id='word_1_88' title='bbox 414 1455 501 1496; x_wconf 89' lang='lat' dir='ltr'>suum</span> <span class='ocrx_word' id='word_1_89' title='bbox 524 1436 628 1512; x_wconf 88' lang='lat' dir='ltr'>habet,</span> <span class='ocrx_word' id='word_1_90' title='bbox 655 1438 691 1495; x_wconf 92' lang='lat' dir='ltr'>ut</span> <span class='ocrx_word' id='word_1_91' title='bbox 713 1435 820 1495; x_wconf 84' lang='lat' dir='ltr'>testari</span> <span class='ocrx_word' id='word_1_92' title='bbox 842 1435 879 1495; x_wconf 88' lang='lat' dir='ltr'>de</span> <span class='ocrx_word' id='word_1_93' title='bbox 903 1455 937 1496; x_wconf 89' lang='lat' dir='ltr'>eo</span> <span class='ocrx_word' id='word_1_94' title='bbox 960 1437 1065 1512; x_wconf 86' lang='lat' dir='ltr'>possit.</span> <span class='ocrx_word' id='word_1_95' title='bbox 1107 1438 1159 1498; x_wconf 89' lang='lat' dir='ltr'>sed</span> 
     </span>
     <span class='ocr_line' id='line_1_14' title="bbox 146 1523 1160 1604; baseline 0.002 -19"><span class='ocrx_word' id='word_1_96' title='bbox 146 1525 413 1603; x_wconf 64' lang='grc'>111-1141811111</span> <span class='ocrx_word' id='word_1_97' title='bbox 437 1525 608 1604; x_wconf 88' lang='lat' dir='ltr'>constituit,</span> <span class='ocrx_word' id='word_1_98' title='bbox 637 1527 671 1584; x_wconf 94' lang='lat' dir='ltr'>ut</span> <span class='ocrx_word' id='word_1_99' title='bbox 693 1523 774 1584; x_wconf 89' lang='lat' dir='ltr'>filius</span> <span class='ocrx_word' id='word_1_100' title='bbox 797 1523 931 1585; x_wconf 84' lang='lat' dir='ltr'>familiae</span> <span class='ocrx_word' id='word_1_101' title='bbox 953 1525 1040 1587; x_wconf 90' lang='lat' dir='ltr'>miles</span> <span class='ocrx_word' id='word_1_102' title='bbox 1063 1526 1100 1586; x_wconf 89' lang='grc'>(11</span> <span class='ocrx_word' id='word_1_103' title='bbox 1123 1545 1160 1588; x_wconf 88' lang='grc'>11</span> 
     </span>
     <span class='ocr_line' id='line_1_15' title="bbox 144 1613 1160 1693; baseline 0.002 -19"><span class='ocrx_word' id='word_1_104' title='bbox 144 1615 263 1692; x_wconf 90' lang='lat' dir='ltr'>peculio</span> <span class='ocrx_word' id='word_1_105' title='bbox 296 1615 376 1693; x_wconf 86' lang='lat' dir='ltr'>quod</span> <span class='ocrx_word' id='word_1_106' title='bbox 407 1615 439 1674; x_wconf 90' lang='lat' dir='ltr'>in</span> <span class='ocrx_word' id='word_1_107' title='bbox 471 1615 578 1674; x_wconf 88' lang='lat' dir='ltr'>castris</span> <span class='ocrx_word' id='word_1_108' title='bbox 611 1613 786 1691; x_wconf 85' lang='lat' dir='ltr'>adquisivit,</span> <span class='ocrx_word' id='word_1_109' title='bbox 818 1617 1033 1674; x_wconf 84' lang='lat' dir='ltr'>testamentum</span> <span class='ocrx_word' id='word_1_110' title='bbox 1059 1615 1160 1676; x_wconf 88' lang='lat' dir='ltr'>facere</span> 
     </span>
     <span class='ocr_line' id='line_1_16' title="bbox 142 1703 496 1781; baseline 0 -17"><span class='ocrx_word' id='word_1_111' title='bbox 142 1704 249 1780; x_wconf 89' lang='lat' dir='ltr'>possit.</span> <span class='ocrx_word' id='word_1_112' title='bbox 293 1703 429 1781; x_wconf 89' lang='lat' dir='ltr'>Ulp.20,</span> <span class='ocrx_word' id='word_1_113' title='bbox 446 1705 496 1764; x_wconf 92' lang='grc'>10.</span> 
     </span>
    </p>

    <p class='ocr_par' dir='ltr' id='par_1_8' title="bbox 143 1787 1161 2046">
     <span class='ocr_line' id='line_1_17' title="bbox 234 1787 1161 1874; baseline 0.002 -23"><span class='ocrx_word' id='word_1_114' title='bbox 234 1787 305 1863; x_wconf 75' lang='lat' dir='ltr'>‘Qui</span> <span class='ocrx_word' id='word_1_115' title='bbox 332 1793 368 1853; x_wconf 87' lang='lat' dir='ltr'>de</span> <span class='ocrx_word' id='word_1_116' title='bbox 397 1796 479 1852; x_wconf 87' lang='lat' dir='ltr'>statu</span> <span class='ocrx_word' id='word_1_117' title='bbox 507 1811 561 1852; x_wconf 89' lang='lat' dir='ltr'>suo</span> <span class='ocrx_word' id='word_1_118' title='bbox 589 1793 722 1852; x_wconf 87' lang='lat' dir='ltr'>incertus</span> <span class='ocrx_word' id='word_1_119' title='bbox 750 1794 798 1851; x_wconf 90' lang='lat' dir='ltr'>est</span> <span class='ocrx_word' id='word_1_120' title='bbox 824 1791 938 1874; x_wconf 82' lang='lat' dir='ltr'>iactus,</span> <span class='ocrx_word' id='word_1_121' title='bbox 964 1792 1045 1869; x_wconf 88' lang='lat' dir='ltr'>quod</span> <span class='ocrx_word' id='word_1_122' title='bbox 1071 1797 1161 1870; x_wconf 85' lang='lat' dir='ltr'>patre</span> 
     </span>
     <span class='ocr_line' id='line_1_18' title="bbox 143 1880 1160 1960; baseline 0.002 -20"><span class='ocrx_word' id='word_1_123' title='bbox 143 1899 270 1960; x_wconf 87' lang='lat' dir='ltr'>peregre</span> <span class='ocrx_word' id='word_1_124' title='bbox 301 1885 420 1942; x_wconf 87' lang='lat' dir='ltr'>mortuo</span> <span class='ocrx_word' id='word_1_125' title='bbox 448 1882 568 1960; x_wconf 80' lang='lat' dir='ltr'>ignorat</span> <span class='ocrx_word' id='word_1_126' title='bbox 596 1900 628 1940; x_wconf 87' lang='grc'>11</span> <span class='ocrx_word' id='word_1_127' title='bbox 656 1881 704 1940; x_wconf 91' lang='lat' dir='ltr'>sui</span> <span class='ocrx_word' id='word_1_128' title='bbox 731 1880 806 1940; x_wconf 87' lang='lat' dir='ltr'>iuris</span> <span class='ocrx_word' id='word_1_129' title='bbox 835 1899 912 1958; x_wconf 90' lang='lat' dir='ltr'>csse,</span> <span class='ocrx_word' id='word_1_130' title='bbox 943 1883 1160 1942; x_wconf 89' lang='lat' dir='ltr'>testamentum</span> 
     </span>
     <span class='ocr_line' id='line_1_19' title="bbox 145 1964 717 2046; baseline 0.002 -18"><span class='ocrx_word' id='word_1_131' title='bbox 145 1971 243 2030; x_wconf 80' lang='lat' dir='ltr'>facere</span> <span class='ocrx_word' id='word_1_132' title='bbox 265 1989 325 2030; x_wconf 91' lang='lat' dir='ltr'>non</span> <span class='ocrx_word' id='word_1_133' title='bbox 348 1964 469 2046; x_wconf 88' lang='lat' dir='ltr'>potest’.</span> <span class='ocrx_word' id='word_1_134' title='bbox 514 1969 717 2046; x_wconf 87' lang='lat' dir='ltr'>Ulp.20,11.</span> 
     </span>
    </p>

    <p class='ocr_par' dir='ltr' id='par_1_9' title="bbox 147 2057 1235 2587">
     <span class='ocr_line' id='line_1_20' title="bbox 236 2057 1205 2138; baseline 0 -20"><span class='ocrx_word' id='word_1_135' title='bbox 236 2057 318 2129; x_wconf 80' lang='lat' dir='ltr'>Quae</span> <span class='ocrx_word' id='word_1_136' title='bbox 341 2059 523 2136; x_wconf 87' lang='lat' dir='ltr'>Pomponius</span> <span class='ocrx_word' id='word_1_137' title='bbox 551 2058 666 2118; x_wconf 87' lang='lat' dir='ltr'>Paulus</span> <span class='ocrx_word' id='word_1_138' title='bbox 689 2057 839 2135; x_wconf 89' lang='lat' dir='ltr'>Ulpianus</span> <span class='ocrx_word' id='word_1_139' title='bbox 867 2059 900 2118; x_wconf 87' lang='lat' dir='ltr'>in</span> <span class='ocrx_word' id='word_1_140' title='bbox 925 2059 1011 2119; x_wconf 87' lang='lat' dir='ltr'>libris</span> <span class='ocrx_word' id='word_1_141' title='bbox 1039 2058 1078 2119; x_wconf 86' lang='lat' dir='ltr'>ad</span> <span class='ocrx_word' id='word_1_142' title='bbox 1107 2058 1162 2118; x_wconf 87' lang='lat' dir='ltr'>Sa·</span> <span class='ocrx_word' id='word_1_143' title='bbox 1202 2132 1205 2138; x_wconf 17' lang='lat' dir='ltr'>y</span> 
     </span>
     <span class='ocr_line' id='line_1_21' title="bbox 148 2147 1235 2227; baseline 0.002 -21"><span class='ocrx_word' id='word_1_144' title='bbox 148 2148 253 2207; x_wconf 90' lang='lat' dir='ltr'>binum</span> <span class='ocrx_word' id='word_1_145' title='bbox 281 2147 318 2207; x_wconf 89' lang='lat' dir='ltr'>de</span> <span class='ocrx_word' id='word_1_146' title='bbox 345 2149 401 2207; x_wconf 87' lang='lat' dir='ltr'>hoc</span> <span class='ocrx_word' id='word_1_147' title='bbox 425 2148 522 2224; x_wconf 88' lang='lat' dir='ltr'>capite</span> <span class='ocrx_word' id='word_1_148' title='bbox 545 2148 698 2227; x_wconf 82' lang='lat' dir='ltr'>dixerunt,</span> <span class='ocrx_word' id='word_1_149' title='bbox 726 2166 744 2206; x_wconf 89' lang='lat' dir='ltr'>a</span> <span class='ocrx_word' id='word_1_150' title='bbox 768 2147 949 2208; x_wconf 80' lang='lat' dir='ltr'>Triboniano</span> <span class='ocrx_word' id='word_1_151' title='bbox 973 2149 1034 2208; x_wconf 85' lang='lat' dir='ltr'>fere</span> <span class='ocrx_word' id='word_1_152' title='bbox 1059 2149 1162 2208; x_wconf 87' lang='lat' dir='ltr'>omnia</span> <span class='ocrx_word' id='word_1_153' title='bbox 1234 2149 1235 2154; x_wconf 72' lang='grc'>’</span> 
     </span>
     <span class='ocr_line' id='line_1_22' title="bbox 148 2235 1162 2316; baseline 0.003 -21"><span class='ocrx_word' id='word_1_154' title='bbox 148 2237 287 2314; x_wconf 82' lang='lat' dir='ltr'>neglecta</span> <span class='ocrx_word' id='word_1_155' title='bbox 314 2240 396 2314; x_wconf 89' lang='lat' dir='ltr'>sunt,</span> <span class='ocrx_word' id='word_1_156' title='bbox 424 2237 481 2295; x_wconf 90' lang='lat' dir='ltr'>nisi</span> <span class='ocrx_word' id='word_1_157' title='bbox 509 2235 589 2312; x_wconf 87' lang='lat' dir='ltr'>quod</span> <span class='ocrx_word' id='word_1_158' title='bbox 611 2236 759 2313; x_wconf 89' lang='lat' dir='ltr'>Ulpianus</span> <span class='ocrx_word' id='word_1_159' title='bbox 789 2237 824 2296; x_wconf 89' lang='lat' dir='ltr'>dc</span> <span class='ocrx_word' id='word_1_160' title='bbox 851 2238 991 2316; x_wconf 87' lang='lat' dir='ltr'>prodigo,</span> <span class='ocrx_word' id='word_1_161' title='bbox 1020 2237 1068 2296; x_wconf 89' lang='lat' dir='ltr'>cui</span> <span class='ocrx_word' id='word_1_162' title='bbox 1092 2237 1162 2314; x_wconf 84' lang='lat' dir='ltr'>lege</span> 
     </span>
     <span class='ocr_line' id='line_1_23' title="bbox 148 2315 1162 2406; baseline -0.001 -20"><span class='ocrx_word' id='word_1_163' title='bbox 148 2326 303 2386; x_wconf 80' lang='lat' dir='ltr'>boniet</span> <span class='ocrx_word' id='word_1_164' title='bbox 257 2325 303 2384; x_wconf 90' lang='lat' dir='ltr'>int</span> <span class='ocrx_word' id='word_1_165' title='bbox 304 2325 521 2384; x_wconf 85' lang='lat' dir='ltr'>erdictumt</span> <span class='ocrx_word' id='word_1_166' title='bbox 474 2330 521 2384; x_wconf 85' lang='lat' dir='ltr'>est</span> <span class='ocrx_word' id='word_1_167' title='bbox 545 2315 592 2405; x_wconf 90' lang='lat' dir='ltr'>(P.</span> <span class='ocrx_word' id='word_1_168' title='bbox 608 2317 718 2406; x_wconf 86' lang='lat'>2423),</span> <span class='ocrx_word' id='word_1_169' title='bbox 742 2327 779 2385; x_wconf 92' lang='lat' dir='ltr'>de</span> <span class='ocrx_word' id='word_1_170' title='bbox 803 2346 847 2406; x_wconf 87' lang='lat' dir='ltr'>ec,</span> <span class='ocrx_word' id='word_1_171' title='bbox 870 2346 959 2403; x_wconf 92' lang='lat' dir='ltr'>quem</span> <span class='ocrx_word' id='word_1_172' title='bbox 982 2326 1020 2385; x_wconf 91' lang='lat' dir='ltr'>ob</span> <span class='ocrx_word' id='word_1_173' title='bbox 1039 2344 1162 2386; x_wconf 87' lang='lat' dir='ltr'>carmen</span> 
     </span>
     <span class='ocr_line' id='line_1_24' title="bbox 147 2406 1164 2498; baseline 0 -24"><span class='ocrx_word' id='word_1_174' title='bbox 147 2416 297 2474; x_wconf 88' lang='lat' dir='ltr'>famosum</span> <span class='ocrx_word' id='word_1_175' title='bbox 309 2414 550 2472; x_wconf 83' lang='lat' dir='ltr'>senatusconsult</span> <span class='ocrx_word' id='word_1_176' title='bbox 537 2419 602 2472; x_wconf 83' lang='lat' dir='ltr'>tum</span> <span class='ocrx_word' id='word_1_177' title='bbox 611 2414 814 2474; x_wconf 86' lang='lat' dir='ltr'>intestabilem</span> <span class='ocrx_word' id='word_1_178' title='bbox 823 2433 887 2476; x_wconf 87' lang='lat' dir='ltr'>esse</span> <span class='ocrx_word' id='word_1_179' title='bbox 897 2415 982 2475; x_wconf 90' lang='lat' dir='ltr'>iubet</span> <span class='ocrx_word' id='word_1_180' title='bbox 992 2406 1040 2496; x_wconf 90' lang='lat' dir='ltr'>(P.</span> <span class='ocrx_word' id='word_1_181' title='bbox 1047 2407 1164 2498; x_wconf 83' lang='lat'>2434),</span> 
     </span>
     <span class='ocr_line' id='line_1_25' title="bbox 148 2497 1042 2587; baseline 0 -24"><span class='ocrx_word' id='word_1_182' title='bbox 148 2501 747 2564; x_wconf 79' lang='grc'>111111111111111111111111111111111111111</span> <span class='ocrx_word' id='word_1_183' title='bbox 771 2497 936 2587; x_wconf 80' lang='lat' dir='ltr'>(P.2427)</span> <span class='ocrx_word' id='word_1_184' title='bbox 960 2503 1042 2564; x_wconf 88' lang='lat' dir='ltr'>dicit.</span> 
     </span>
    </p>
   </div>
   <div class='ocr_carea' id='block_1_7' title="bbox 143 2603 1163 2937">
    <p class='ocr_par' dir='ltr' id='par_1_10' title="bbox 143 2603 1163 2937">
     <span class='ocr_line' id='line_1_26' title="bbox 240 2603 1161 2708; baseline 0.002 -38"><span class='ocrx_word' id='word_1_185' title='bbox 240 2603 1012 2708; x_wconf 62' lang='grc'>1101111811.0111111111111111111</span> <span class='ocrx_word' id='word_1_186' title='bbox 1037 2605 1078 2672; x_wconf 87' lang='lat' dir='ltr'>ad</span> <span class='ocrx_word' id='word_1_187' title='bbox 1102 2603 1161 2672; x_wconf 84' lang='lat' dir='ltr'>Sa-</span> 
     </span>
     <span class='ocr_line' id='line_1_27' title="bbox 145 2655 1162 2780; baseline 0.002 -22"><span class='ocrx_word' id='word_1_188' title='bbox 145 2694 259 2758; x_wconf 89' lang='lat' dir='ltr'>binum</span> <span class='ocrx_word' id='word_1_189' title='bbox 288 2689 338 2780; x_wconf 89' lang='lat' dir='ltr'>(P.</span> <span class='ocrx_word' id='word_1_190' title='bbox 357 2655 551 2780; x_wconf 61' lang='lat' dir='ltr'>miei—l</span> <span class='ocrx_word' id='word_1_191' title='bbox 581 2693 613 2759; x_wconf 93' lang='lat' dir='ltr'>Is</span> <span class='ocrx_word' id='word_1_192' title='bbox 642 2694 694 2758; x_wconf 91' lang='lat' dir='ltr'>cui</span> <span class='ocrx_word' id='word_1_193' title='bbox 721 2695 791 2779; x_wconf 82' lang='lat' dir='ltr'>lege</span> <span class='ocrx_word' id='word_1_194' title='bbox 819 2695 914 2760; x_wconf 89' lang='lat' dir='ltr'>bonis</span> <span class='ocrx_word' id='word_1_195' title='bbox 948 2695 1162 2762; x_wconf 88' lang='lat' dir='ltr'>interdictum</span> 
     </span>
     <span class='ocr_line' id='line_1_28' title="bbox 146 2779 1163 2871; baseline 0.005 -24"><span class='ocrx_word' id='word_1_196' title='bbox 146 2787 198 2848; x_wconf 90' lang='lat' dir='ltr'>est</span> <span class='ocrx_word' id='word_1_197' title='bbox 221 2785 453 2848; x_wconf 86' lang='lat' dir='ltr'>testamentum</span> <span class='ocrx_word' id='word_1_198' title='bbox 477 2782 581 2847; x_wconf 88' lang='lat' dir='ltr'>facere</span> <span class='ocrx_word' id='word_1_199' title='bbox 603 2804 670 2847; x_wconf 91' lang='lat' dir='ltr'>non</span> <span class='ocrx_word' id='word_1_200' title='bbox 692 2789 751 2866; x_wconf 90' lang='lat' dir='ltr'>pot</span> <span class='ocrx_word' id='word_1_201' title='bbox 752 2787 842 2848; x_wconf 89' lang='grc'>1111</span> <span class='ocrx_word' id='word_1_202' title='bbox 843 2785 918 2868; x_wconf 87' lang='grc'>1,11</span> <span class='ocrx_word' id='word_1_203' title='bbox 941 2779 1095 2871; x_wconf 75' lang='lat' dir='ltr'>fecerit,</span> <span class='ocrx_word' id='word_1_204' title='bbox 1085 2806 1163 2870; x_wconf 88' lang='lat' dir='ltr'>rpso</span> 
     </span>
     <span class='ocr_line' id='line_1_29' title="bbox 143 2871 421 2937; baseline 0.004 -3"><span class='ocrx_word' id='word_1_205' title='bbox 143 2871 212 2937; x_wconf 90' lang='lat' dir='ltr'>iure</span> <span class='ocrx_word' id='word_1_206' title='bbox 235 2894 301 2936; x_wconf 92' lang='lat' dir='ltr'>non</span> <span class='ocrx_word' id='word_1_207' title='bbox 323 2872 421 2936; x_wconf 84' lang='lat' dir='ltr'>valet.</span> 
     </span>
    </p>
   </div>
   <div class='ocr_carea' id='block_1_8' title="bbox 144 2975 1167 3325">
    <p class='ocr_par' dir='ltr' id='par_1_11' title="bbox 144 2975 1167 3325">
     <span class='ocr_line' id='line_1_30' title="bbox 234 2975 1164 3060; baseline 0.005 -19"><span class='ocrx_word' id='word_1_208' title='bbox 234 2983 321 3053; x_wconf 78' lang='lat' dir='ltr'>Quod</span> <span class='ocrx_word' id='word_1_209' title='bbox 357 2982 505 3058; x_wconf 86' lang='lat' dir='ltr'>Ulpianus</span> <span class='ocrx_word' id='word_1_210' title='bbox 543 2980 640 3040; x_wconf 86' lang='lat' dir='ltr'>addit:</span> <span class='ocrx_word' id='word_1_211' title='bbox 681 2975 774 3060; x_wconf 86' lang='lat' dir='ltr'>qnod</span> <span class='ocrx_word' id='word_1_212' title='bbox 809 2986 910 3045; x_wconf 87' lang='lat' dir='ltr'>tamen</span> <span class='ocrx_word' id='word_1_213' title='bbox 946 2985 1164 3046; x_wconf 81' lang='lat' dir='ltr'>interdictione</span> 
     </span>
     <span class='ocr_line' id='line_1_31' title="bbox 144 3071 1164 3154; baseline 0.002 -22"><span class='ocrx_word' id='word_1_214' title='bbox 144 3072 295 3132; x_wconf 80' lang='lat' dir='ltr'>vetustius</span> <span class='ocrx_word' id='word_1_215' title='bbox 319 3071 458 3130; x_wconf 88' lang='lat' dir='ltr'>habuerit</span> <span class='ocrx_word' id='word_1_216' title='bbox 475 3073 698 3146; x_wconf 86' lang='lat' dir='ltr'>testamentum,</span> <span class='ocrx_word' id='word_1_217' title='bbox 720 3072 777 3132; x_wconf 92' lang='lat' dir='ltr'>hoc</span> <span class='ocrx_word' id='word_1_218' title='bbox 794 3074 916 3134; x_wconf 80' lang='lat' dir='ltr'>valebit.</span> <span class='ocrx_word' id='word_1_219' title='bbox 957 3074 1064 3135; x_wconf 86' lang='lat' dir='ltr'>merito</span> <span class='ocrx_word' id='word_1_220' title='bbox 1084 3093 1164 3154; x_wconf 84' lang='lat' dir='ltr'>ergo</span> 
     </span>
     <span class='ocr_line' id='line_1_32' title="bbox 145 3157 1167 3240; baseline 0.003 -19"><span class='ocrx_word' id='word_1_221' title='bbox 145 3179 201 3220; x_wconf 89' lang='lat' dir='ltr'>nec</span> <span class='ocrx_word' id='word_1_222' title='bbox 218 3161 305 3221; x_wconf 88' lang='lat' dir='ltr'>testis</span> <span class='ocrx_word' id='word_1_223' title='bbox 325 3160 363 3219; x_wconf 88' lang='lat' dir='ltr'>ad</span> <span class='ocrx_word' id='word_1_224' title='bbox 381 3161 596 3219; x_wconf 83' lang='lat' dir='ltr'>testamentum</span> <span class='ocrx_word' id='word_1_225' title='bbox 615 3158 750 3220; x_wconf 87' lang='lat' dir='ltr'>adhiberi</span> <span class='ocrx_word' id='word_1_226' title='bbox 767 3163 943 3238; x_wconf 89' lang='lat' dir='ltr'>poterit...</span> <span class='ocrx_word' id='word_1_227' title='bbox 946 3157 956 3186; x_wconf 84' lang='lat'>&#39;</span> <span class='ocrx_word' id='word_1_228' title='bbox 993 3164 1056 3223; x_wconf 91' lang='lat' dir='ltr'>eius</span> <span class='ocrx_word' id='word_1_229' title='bbox 1074 3166 1167 3240; x_wconf 88' lang='lat' dir='ltr'>prior</span> 
     </span>
     <span class='ocr_line' id='line_1_33' title="bbox 144 3248 657 3325; baseline 0 -17"><span class='ocrx_word' id='word_1_230' title='bbox 144 3267 215 3325; x_wconf 88' lang='lat' dir='ltr'>pars</span> <span class='ocrx_word' id='word_1_231' title='bbox 238 3269 254 3308; x_wconf 91' lang='grc'>1</span> <span class='ocrx_word' id='word_1_232' title='bbox 278 3248 388 3308; x_wconf 83' lang='lat' dir='ltr'>Sabino</span> <span class='ocrx_word' id='word_1_233' title='bbox 411 3248 508 3323; x_wconf 86' lang='lat' dir='ltr'>petita</span> <span class='ocrx_word' id='word_1_234' title='bbox 528 3248 657 3310; x_wconf 80' lang='lat' dir='ltr'>uidetur</span> 
     </span>
    </p>
   </div>
   <div class='ocr_carea' id='block_1_9' title="bbox 237 3346 1163 3437">
    <p class='ocr_par' dir='ltr' id='par_1_12' title="bbox 237 3346 1163 3437">
     <span class='ocr_line' id='line_1_34' title="bbox 237 3346 1163 3437; baseline 0.009 -24"><span class='ocrx_word' id='word_1_235' title='bbox 237 3349 280 3413; x_wconf 74' lang='lat'>8?</span> <span class='ocrx_word' id='word_1_236' title='bbox 312 3348 351 3412; x_wconf 90' lang='lat' dir='ltr'>D.</span> <span class='ocrx_word' id='word_1_237' title='bbox 370 3348 445 3412; x_wconf 89' lang='lat' dir='ltr'>ibid.</span> <span class='ocrx_word' id='word_1_238' title='bbox 465 3351 518 3428; x_wconf 75' lang='lat'>§1</span> <span class='ocrx_word' id='word_1_239' title='bbox 544 3346 593 3436; x_wconf 91' lang='lat' dir='ltr'>(P.</span> <span class='ocrx_word' id='word_1_240' title='bbox 608 3349 786 3436; x_wconf 88' lang='grc'>2424)-</span> <span class='ocrx_word' id='word_1_241' title='bbox 745 3351 845 3416; x_wconf 79' lang='lat' dir='ltr'>-si</span> <span class='ocrx_word' id='word_1_242' title='bbox 869 3354 941 3437; x_wconf 91' lang='lat' dir='ltr'>quis</span> <span class='ocrx_word' id='word_1_243' title='bbox 960 3354 1001 3418; x_wconf 94' lang='lat' dir='ltr'>ob</span> <span class='ocrx_word' id='word_1_244' title='bbox 1026 3376 1163 3420; x_wconf 86' lang='lat' dir='ltr'>carmen</span> 
     </span>
    </p>
   </div>
   <div class='ocr_carea' id='block_1_10' title="bbox 145 3435 1169 3588">
    <p class='ocr_par' dir='ltr' id='par_1_13' title="bbox 145 3435 1169 3588">
     <span class='ocr_line' id='line_1_35' title="bbox 146 3435 1169 3530; baseline 0.011 -33"><span class='ocrx_word' id='word_1_245' title='bbox 146 3435 306 3500; x_wconf 84' lang='lat' dir='ltr'>famosum</span> <span class='ocrx_word' id='word_1_246' title='bbox 335 3436 517 3522; x_wconf 88' lang='lat' dir='ltr'>damnetur,</span> <span class='ocrx_word' id='word_1_247' title='bbox 545 3445 677 3503; x_wconf 87' lang='lat' dir='ltr'>senatus</span> <span class='ocrx_word' id='word_1_248' title='bbox 707 3440 855 3505; x_wconf 86' lang='lat' dir='ltr'>consulto</span> <span class='ocrx_word' id='word_1_249' title='bbox 883 3463 1067 3527; x_wconf 84' lang='lat' dir='ltr'>expressum</span> <span class='ocrx_word' id='word_1_250' title='bbox 1098 3451 1169 3530; x_wconf 79' lang='lat' dir='ltr'>est,</span> 
     </span>
     <span class='ocr_line' id='line_1_36' title="bbox 145 3523 474 3588; baseline 0.006 -3"><span class='ocrx_word' id='word_1_251' title='bbox 145 3525 183 3585; x_wconf 88' lang='lat' dir='ltr'>ut</span> <span class='ocrx_word' id='word_1_252' title='bbox 204 3523 305 3587; x_wconf 88' lang='lat' dir='ltr'>intest</span> <span class='ocrx_word' id='word_1_253' title='bbox 291 3523 400 3587; x_wconf 82' lang='lat' dir='ltr'>tabilis</span> <span class='ocrx_word' id='word_1_254' title='bbox 424 3523 474 3588; x_wconf 84' lang='lat' dir='ltr'>sit</span> 
     </span>
    </p>
   </div>
   <div class='ocr_carea' id='block_1_11' title="bbox 0 0 1264 3888">
    <p class='ocr_par' dir='ltr' id='par_1_14' title="bbox 0 0 1264 3888">
     <span class='ocr_line' id='line_1_37' title="bbox 0 0 1264 3888; baseline 0 0"><span class='ocrx_word' id='word_1_255' title='bbox 0 0 1264 3888; x_wconf 95' lang='lat' dir='ltr'> </span> 
     </span>
    </p>
   </div>
  </div>
 </body>
</html>
