2508 3896
163 133 230 197 514
268 131 302 188 ΙΙ.
326 131 393 185 ΤΙΒ.
413 129 489 184 GAII
512 127 639 184 CLAUD.
661 127 797 184 NERON.
821 129 928 184 TEMP.
946 127 1044 182 IURIS
1069 126 1170 186 CONS.

160 295 309 360 edietum.
337 329 381 340 ·-
409 291 444 356 si
477 292 548 377 quis
581 293 616 356 in
647 292 781 376 pignore
813 313 872 376 pro
905 313 983 356 auro
1012 312 1067 355 aes
1095 291 1169 354 sub·

161 384 289 448 iecisset
312 381 471 464 creditori,
494 382 634 465 qualiter
656 385 812 465 teneatur,
836 381 1017 465 quaesitum
1041 383 1098 444 est.
1134 380 1169 443 in

162 494 224 554 qua
254 472 359 553 speeie
387 519 416 535 ..
445 468 583 535 Sabinus
612 470 739 544 scribit,
773 470 800 533 si
828 469 956 554 quidem
985 467 1062 533 dato
1091 490 1168 532 auro

162 582 217 625 aes
241 558 440 643 subiecisset,
462 559 542 622 furti
560 559 673 644 teneri3
699 559 783 642 quod
803 559 829 622 si
847 558 882 622 in
900 557 1004 622 dando
1024 578 1078 622 aes
1098 557 1169 621 sub-

161 648 303 733 iecisset,
325 649 462 734 turpiter
484 647 611 731 fecisse,
634 669 699 711 non
722 646 826 711 furem
849 668 927 711 esse.

246 768 359 828 Paulus
398 768 476 827 libro
512 786 590 828 nono
627 767 664 827 ad
702 765 845 826 Sabinum
883 758 931 847 (D.
952 768 1004 842 47,
1024 769 1054 844 2,
1074 768 1117 826 20
1125 786 1168 842 pr.

158 856 191 916 P.
209 855 317 938 1787).
365 852 452 916 ‘Cum
481 875 531 916 aes
558 856 676 934 pignori
704 855 805 929 datur,
835 855 953 914 etiamsi
976 874 1083 914 aurum
1107 872 1169 914 esso

160 947 280 1021 dicitnr,
309 946 438 1022 turpiter
465 945 512 1018 fit,
540 944 656 1003 furtum
682 963 741 1004 non
768 944 811 1005 fit.
862 944 911 1003 ssd
940 944 965 1002 si
994 944 1098 1002 datum
1125 947 1170 1002 ost

159 1055 280 1114 aarum,
310 1034 429 1112 deinde,
451 1052 519 1092 aum
542 1032 667 1093 dixisset
690 1053 721 1092 se
744 1033 911 1109 ponderare
934 1034 987 1091 aut
1010 1032 1168 1108 obsignare

160 1125 250 1200 velle,
274 1143 324 1183 aes
349 1123 487 1198 subiecit,
510 1122 625 1181 furtum
647 1122 719 1181 fecit
742 1117 783 1181 ..’

250 1212 397 1289 Ulpianus
411 1211 489 1270 libro
504 1210 750 1289 quadragensimo
761 1210 797 1268 ad
810 1209 953 1269 Sabinum
964 1200 1072 1290 (D.13‚
1081 1212 1166 1284 7,1,1

159 1302 190 1361 P.
212 1296 321 1381 2857).
371 1293 390 1361 ‘.
406 1343 434 1359 ..
461 1299 487 1358 si
514 1299 581 1376 quis
608 1318 715 1357 aurum
743 1299 907 1358 ostenderit
934 1298 1022 1375 quasi
1049 1298 1168 1374 pignori

160 1391 285 1450 daturus
310 1392 340 1449 et
363 1407 413 1448 aes
437 1388 553 1448 dederit
575 1383 639 1448 ...'

250 1501 335 1567 1161
366 1499 406 1564 D.
422 1499 472 1578 13,
487 1500 517 1584 7,
530 1500 560 1563 4.
605 1496 766 1580 Ulpianus
790 1497 873 1561 libro
898 1495 1168 1580 quadragensimo

160 1590 265 1675 primo
291 1590 330 1654 ad
354 1586 509 1652 Sabinum
534 1583 582 1673 (P.
596 1583 724 1673 287412).
748 1621 789 1632 —
813 1583 847 1650 Si
870 1583 1022 1650 convenit
1045 1585 1084 1650 de
1108 1585 1170 1650 dis-

160 1678 317 1743 trahendo
336 1677 472 1762 pignora
492 1677 559 1741 sive
576 1677 617 1740 ab
631 1675 724 1740 initio
741 1676 806 1739 sive
820 1676 944 1758 postea,
962 1695 1028 1737 non
1043 1677 1169 1739 tantum

160 1767 303 1832 venditio
336 1768 435 1851 valet,
467 1787 577 1829 rerum
610 1764 725 1849 incipit
756 1766 883 1846 emptor
915 1761 1095 1827 dominium
1124 1764 1171 1827 rai

160 1855 288 1920 habere.

251 1974 326 2034 Cum
357 1976 431 2034 haeo
464 1976 639 2048 sequantur:
672 1965 736 2031 ‘sed
764 1972 820 2031 etsi
846 1990 907 2030 non
934 1975 1108 2032 convenerit
1135 1974 1172 2033 de

163 2062 354 2122 distrahendo
386 2063 524 2138 pignore,
556 2062 612 2121 1166
641 2065 741 2120 tamen
768 2061 833 2119 iure
861 2060 987 2138 utimur,
1018 2065 1055 2119 ut
1082 2062 1172 2122 lioeat

164 2145 350 2226 distrahero’‚
374 2151 466 2209 Lenel
488 2149 520 2208 P.
543 2150 597 2208 illa
618 2151 710 2210 verba
734 2149 837 2208 Sabini
860 2167 923 2208 esse
946 2153 1053 2212 censet.

252 2269 338 2333 1171
361 2267 399 2333 D.
417 2270 466 2350 17,
481 2270 511 2354 2,
525 2267 576 2332 45.
619 2267 708 2332 Idem
733 2265 789 2353 (so.
808 2265 982 2355 Ulpianus)
1007 2268 1092 2334 libro
1116 2270 1172 2334 tri·

163 2357 309 2442 gsnsimo
342 2357 381 2422 ad
414 2354 570 2422 Sabinum
603 2353 654 2443 (P.
673 2353 799 2444 27452).
829 2392 866 2404 -
898 2356 958 2421 Rei
990 2360 1172 2424 eommunis

162 2445 291 2512 nomine
321 2468 393 2510 oum
421 2447 508 2512 sooio
537 2445 616 2510 furti
645 2448 699 2531 agi
726 2449 847 2530 potest,
878 2446 905 2510 si
928 2466 985 2528 per
1009 2445 1172 2511 fallaciam

164 2537 277 2601 dolove
296 2536 382 2601 malo
403 2536 524 2601 amovit
542 2535 593 2600 vel
611 2556 678 2600 rem
698 2555 899 2600 communem
918 2533 1045 2599 celandi
1064 2534 1173 2600 animo

164 2629 307 2691 oontreot
326 2629 340 2689 t

202 2815 208 2823 ,
252 2746 336 2816 Quod
363 2748 432 2822 post
458 2744 545 2821 plura
567 2744 724 2803 interiecta
747 2735 797 2825 (D.
818 2746 868 2820 17,
888 2747 916 2819 2,
935 2743 976 2802 47
1002 2744 1035 2803 Ρ.
1054 2738 1173 2826 27451)

162 2836 236 2894 hasa
260 2835 403 2910 leguntur
426 2827 477 2912 (D.
494 2836 543 2910 17,
561 2835 590 2908 2,
605 2834 644 2893 51
669 2853 714 2907 pr.
728 2832 760 2891 P.
777 2826 902 2912 2745⁰):
926 2826 1044 2892 ‘merito
1068 2838 1174 2894 autom

164 2923 313 2982 adiectum
337 2926 383 2982 est
404 2923 448 2981 ita
471 2920 590 2980 demum
613 2921 687 2979 furti
707 2921 854 2980 sotionem
873 2938 946 2994 asse,
970 2923 1066 2998 siper
1085 2923 1174 2983 falla·

165 3013 240 3070 aiam
269 3015 299 3070 61
326 3010 395 3070 dolo
422 3010 501 3069 malo
529 3011 641 3070 amovit
669 3003 749 3083 ...’,
776 3011 875 3085 priore
902 3012 1057 3070 commatis
1084 3016 1175 3087 parto

165 3099 268 3159 Sabini
290 3099 383 3160 verba
405 3098 511 3158 referri
533 3099 626 3158 Lenal
648 3097 680 3158 P.
704 3100 793 3175 putat
815 3097 917 3174 colligi
938 3117 1035 3176 posse.

256 3219 340 3286 1181
358 3216 397 3282 Ι).
408 3218 460 3298 47,
470 3219 500 3301 2,
509 3218 552 3283 43
559 3240 605 3300 pr.
628 3217 787 3300 Ulpianus
802 3216 885 3281 libro
902 3218 1176 3303 quadragensimo

163 3307 268 3388 primo
293 3306 333 3370 ad
356 3304 510 3371 Sabinum
532 3305 581 3390 (P.
595 3303 720 3393 28692).
739 3341 782 3351 -
801 3304 915 3370 Falsus
939 3305 1086 3390 creditor,
1109 3307 1175 3372 1166

166 3398 215 3458 ast
243 3395 286 3476 is,
313 3394 367 3478 qui
396 3415 430 3458 se
459 3393 590 3458 simulat
617 3395 819 3476 creditorem,
847 3395 874 3458 si
902 3395 978 3480 quid
1002 3398 1177 3482 acceperit,
1236 3407 1237 3410 ’

164 3480 285 3545 furtum
308 3481 387 3546 fauit
409 3502 467 3546 nee
489 3482 611 3545 nummi
635 3483 702 3547 eius
725 3482 813 3547 fient.
