2512 3888
145 189 210 254 396
250 188 285 245 II.
313 189 381 246 TIB.
401 188 476 244 GAII
502 187 1032 246 66666.66606.ΤΕΜΡ,16616
1055 189 1157 247 CONS.

140 351 198 433 Cet
232 359 349 418 veteres
390 360 501 434 putant
543 360 574 416 et
614 356 742 416 Sabinus
779 360 810 416 61
840 356 963 418 Cassius
1000 353 1156 437 scribunt,

140 444 179 505 Ρ.’
200 438 301 506 17821
329 440 399 505 ‘non
431 447 550 507 videtur
577 445 657 505 bona
688 445 745 504 fide
774 465 885 523 emere,
913 450 948 506 ut
973 451 1003 506 61
1026 446 1156 508 Sabinus

142 529 300 614 66616611),
323 531 400 594 11166
423 535 467 595 IX
489 535 522 594 P.
544 537 627 596 1799
654 528 809 615 (Sabinus
832 528 1021 616 respondit').

230 623 445 684 [tribonianum
463 623 495 684 in
509 623 598 683 Pauli
616 641 734 700 quoque
754 623 838 683 libris
853 625 1045 700 excerpendis
1059 626 1157 686 multa

140 711 286 789 reiecisse,
309 714 454 773 nonnulla
477 712 632 789 delevisse,
655 712 715 770 alia
738 715 870 772 mutasse
891 713 1037 775 videmus.
1070 714 1157 774 ouius

140 800 258 877 generis
282 801 380 878 capita
402 801 514 861 reiecta
539 801 613 877 sint,
635 800 692 860 hoo
715 802 884 877 exemplum
908 802 1017 862 docet·
1035 793 1158 863 scholiis

141 888 245 950 Sinait.
271 893 310 950 12
336 882 459 972 (Collat.
480 889 548 949 libr.
567 889 599 949 II
621 908 649 964 p.
670 890 711 948 27
715 892 733 951 7
755 915 796 938 ==
816 891 849 950 P.
870 884 970 970 1767)
995 892 1156 952 memoriae

140 977 294 1055 proditum
318 981 365 1038 est
382 978 510 1038 Paulum
533 978 610 1037 libro
629 977 688 1037 VII
707 978 742 1037 de
761 978 895 1053 muliere,
919 999 995 1056 quae
1017 981 1157 1040 abortum

140 1067 222 1145 16611,
240 1067 337 1127 166166
357 1067 479 1127 dixisse:
499 1068 579 1144 quod
598 1066 624 1126 si
641 1066 737 1126 invito
755 1066 863 1127 marito
882 1069 1022 1128 abortum
1041 1069 1156 1144 fecerit,

141 1158 225 1215 sexta
258 1156 336 1216 dotis
369 1175 435 1215 eam
466 1155 605 1233 multari,
637 1155 724 1233 quasi
755 1157 912 1232 pepererit.
963 1157 995 1216 in
1022 1158 1157 1218 eiusdem

140 1244 212 1303 libri
246 1245 423 1324 fragmentis
455 1244 678 1304 aTrihoniano
702 1245 829 1305 servatis
853 1245 976 1305 abortus
1007 1265 1158 1324 nusquam

140 1334 253 1393 mentio
276 1334 319 1394 fit.

230 1417 516 1482 iurisconsultorum
534 1440 652 1499 quoque
672 1421 802 1482 aPaulo
823 1422 1016 1483 laudatorum
1034 1424 1159 1484 nomina

142 1510 261 1586 saepius
289 1511 388 1570 deleta
418 1528 482 1571 esse
513 1511 560 1570 his
591 1510 733 1586 exemplis
761 1511 986 1586 comprobatur:
1015 1512 1047 1573 P.
1069 1515 1154 1574 1671

141 1593 536 1678 ε66661166111116661616666
547 1599 738 1660 continentur
749 1647 755 1659 .
765 1644 773 1660 .
784 1645 804 1676 .‚
818 1599 891 1659 item
905 1619 979 1661 vasa
989 1619 1082 1662 aenea
1091 1602 1159 1662 vul-

141 1688 280 1838 6661616
296 1692 342 1748 661
352 1707 430 1766 quae
445 1708 504 1859 666
513 1688 825 1856 666661686666611666
831 1684 1157 1839 adtridm’csp‘ifflsss

153 1796 441 1856 ...urumquae
497 1796 623 1854 6666
676 1797 690 1836 6
744 1797 806 1836 666
863 1797 1012 1838 eumeni
1067 1798 1159 1856 egaa

141 1866 261 1926 videtur
284 1885 323 1926 an
345 1885 415 1927 vero
440 1886 475 1926 ea
494 1867 558 1926 6616
574 1885 650 1943 quae
669 1869 715 1926 est
734 1866 815 1926 intra
832 1885 960 1926 murum.
987 1871 1019 1927 et
1036 1868 1158 1946 quidem

140 1954 230 2014 urbes
245 1956 306 2014 fere
321 1973 422 2016 omnes
436 1974 521 2014 muro
535 1957 624 2014 tenus
643 1954 731 2032 finiri,
750 1955 874 2015 Romam
890 1956 1111 2017 continentibus
1126 1962 1159 2017 61

140 2042 246 2102 urbem
268 2043 392 2103 Romam
418 2062 511 2121 aeque
535 2037 776 2103 continentibus'.
821 2044 854 2105 P.
881 2047 964 2105 1693
989 2039 1033 2105 ‘si
1056 2047 1082 2105 is
1105 2047 1157 2122 qui

141 2129 237 2190 filium
248 2132 373 2191 haberet
382 2132 414 2189 in
423 2131 541 2207 nepotis
551 2132 650 2191 locum
662 2133 836 2207 adoptasset
844 2133 968 2209 perinde
978 2137 1069 2211 atque
1084 2135 1111 2194 si
1121 2154 1159 2194 ex

141 2237 176 2278 eo
190 2219 252 2278 filio
262 2221 351 2278 66166
361 2222 448 2294 66661,
459 2218 524 2278 etis
535 2219 614 2278 tilius
625 2221 730 2278 auctor
743 2221 841 2280 factus
855 2241 915 2282 non
930 2225 1021 2282 esset:
1035 2227 1157 2284 mortuo

141 2325 197 2367 avo
212 2326 272 2367 non
286 2325 350 2367 esse
363 2310 504 2385 nepotem
518 2307 551 2367 in
564 2310 713 2384 potestate
728 2304 802 2370 filii'.
836 2310 869 2370 P.
887 2314 971 2371 1712
988 2304 1069 2371 ‘nam
1084 2314 1116 2372 61
1131 2311 1158 2372 61

139 2398 223 2456 16166
233 2415 305 2474 ager
313 2398 383 2473 6661
392 2396 572 2473 emptionem
582 2396 703 2456 flumine
719 2401 881 2476 occupatus
892 2402 979 2476 esset,
988 2401 1159 2476 periculum

141 2487 221 2544 esset
235 2479 399 2563 emptoris'.
435 2486 467 2545 P.
485 2488 571 2547 1760
586 2481 632 2546 ‘Si
646 2486 774 2546 maritus
789 2487 845 2547 aub
858 2488 1030 2550 condicione
1040 2492 1157 2566 epatre

140 2572 226 2634 heres
239 2574 397 2636 1661116166
414 2576 461 2652 611,
476 2576 596 2635 interim
610 2577 711 2636 uxoris
730 2578 908 2636 6616666166
922 2579 1067 2638 actionem
1083 2597 1158 2654 pen·

140 2655 231 2722 dere'.
265 2663 297 2723 P.
314 2666 397 2726 1789
418 2658 463 2724 ‘Si
481 2684 516 2726 eo
536 2665 659 2725 consilio
683 2684 752 2724 area
769 2665 899 2724 refracta
918 2667 965 2742 sit,
979 2669 1016 2726 ut
1027 2667 1158 2728 uniones

139 2753 415 2830 661616116666166,
433 2754 523 2830 hique
542 2754 616 2813 furti
634 2753 763 2812 faciendi
781 2773 870 2814 66666
889 2756 1066 2816 66616661611
1085 2755 1158 2834 sint,

140 2859 244 2900 eorum
257 2842 463 2900 tantummodo
478 2842 592 2900 furtum
604 2842 719 2901 factum
737 2837 857 2902 videri'.
894 2844 926 2902 in
945 2844 1011 2904 aliis
1025 2845 1157 2922 denique

140 2929 318 3008 fragmentis
345 2929 627 2990 iurisconsultorum
655 2930 820 2990 sententiae
851 2951 869 2990 6
896 2931 990 2993 Paulo
1019 2935 1158 2994 oratione

140 3017 261 3095 obliqua
274 3018 373 3077 661616
386 3018 417 3076 16
436 3019 510 3077 66611
527 3017 601 3076 iuris
619 3018 739 3096 regulas
757 3022 892 3080 mutatae
912 3025 991 3082 6661.
1013 3021 1046 3084 Ρ.
1067 3023 1158 3083 1664

140 3099 264 3183 ‘Scyphi
277 3106 421 3167 electione
436 3107 508 3167 data
522 3107 546 3165 si
560 3125 620 3166 non
634 3108 772 3168 omnibus
787 3110 906 3184 scyphis
920 3109 1061 3170 exhibitis
1070 3111 1159 3189 lega·

139 3195 236 3254 tarius
260 3194 447 3272 elegisset,
471 3195 619 3274 integram
643 3197 670 3256 ei
698 3197 849 3273 optionem
872 3217 992 3260 manere
1020 3199 1159 3277 placet.

140 3281 177 3340 61.
202 3301 278 3359 quae
302 3299 392 3358 supra
415 3304 443 3358 p.
464 3286 528 3344 394
552 3284 589 3344 de
612 3283 769 3361 Pomponii
792 3287 969 3364 fragmentis
994 3288 1064 3351 dini.

228 3369 424 3445 Ulpianum
454 3375 486 3431 et
514 3373 608 3433 libros
639 3375 677 3432 ad
708 3375 839 3433 edietum
866 3375 1023 3436 LXXXIII
1053 3380 1085 3437 et
1114 3379 1159 3440 ad
1239 3415 1240 3452 3

142 3454 287 3515 Sabinum
308 3458 350 3517 LI
373 3459 499 3519 edidisse
528 3464 658 3538 constat3
686 3481 746 3522 non
774 3466 892 3524 6666161
919 3464 956 3524 de
983 3468 1162 3544 temporum
1239 3455 1240 3482 1

140 3543 270 3621 6611666,
297 3549 400 3604 utrum
426 3547 532 3607 horum
560 3568 684 3626 operum
711 3555 781 3627 post
807 3554 909 3612 utrum
937 3553 1051 3630 publici
1077 3555 1161 3619 iuris
