2508 3896
369 175 394 224 2.
417 168 600 224 MASURIUS
621 167 773 223 SABINUS
1010 169 1075 234 527

160 331 245 396 140?
275 329 314 396 D.
336 332 386 414 12,
405 333 435 415 6,
455 333 504 397 14.
557 331 755 416 Pomponius
787 330 871 395 libro
903 332 1077 398 vicensimo

74 421 175 504 primo
200 421 239 485 ad
263 419 416 486 Sabinum
436 420 485 506 (P.
500 417 589 507 684).
611 457 648 467 -
669 419 780 485 ..hoo
803 422 921 484 natura
940 442 1077 504 aequum

73 512 122 573 est
155 509 317 573 neminem
359 531 431 574 cum
473 511 606 574 alterius
647 508 841 573 detrimento
884 508 954 572 fieri
990 510 1078 576 loon-

72 597 247 680 pletiorem.

159 711 289 778 ‘Ktnnte
315 737 374 778 von
398 719 490 778 Sabin
516 713 693 778 herrbhren'
716 718 838 778 Pernios
852 716 907 792 III,
928 721 990 779 218
1004 739 1033 780 n.
1048 723 1079 779 4.

161 827 247 893 141?
270 827 309 892 D.
321 830 371 913 12,
382 829 410 910 5,
423 832 439 893 1
446 851 494 914 pr.
535 828 656 893 Paulus
679 829 763 893 libro
784 828 907 894 decimo
927 829 966 893 ad
986 828 1076 895 Sabi-

72 939 147 981 num
176 915 226 1003 (P.
248 915 370 1002 18172).
401 954 438 964 -
469 916 572 982 Omne
604 917 688 999 quod
721 918 815 982 datur
847 921 903 982 aut
936 918 977 983 ob
1010 940 1078 982 rem

73 1005 167 1070 datur
200 1008 256 1070 aut
287 1005 327 1070 ob
361 1028 505 1085 oausam,
537 1010 570 1071 et
602 1008 644 1071 ob
676 1027 743 1070 rem
777 1009 833 1070 aut
864 1009 992 1089 turpem
1022 1011 1079 1071 aut

72 1092 255 1158 honestam:
279 1098 406 1178 turpem
430 1098 548 1179 autem,
570 1100 627 1161 aut
649 1100 686 1158 ut
708 1095 813 1159 dantis
838 1095 882 1159 sit
902 1095 1079 1179 turpitudo,

72 1204 136 1247 non
156 1183 352 1267 accipientis,
371 1186 427 1247 aut
445 1188 482 1248 ut
500 1183 686 1267 accipientis
706 1182 882 1268 dumtaxat,
900 1205 966 1249 non
981 1184 1078 1248 etiam

74 1272 195 1355 dantis,
218 1275 275 1336 aut
297 1273 471 1356 utriusque.

161 1360 247 1426 142?
270 1359 309 1424 D.
323 1361 398 1426 ibid.
413 1364 432 1441 ξ
449 1363 476 1426 l.
500 1398 541 1407 —
566 1359 616 1426 Ob
639 1383 707 1425 rem
726 1412 732 1427 .
748 1410 755 1428 .
774 1361 944 1426 honestam
967 1361 1078 1425 datum

72 1449 117 1513 ita
147 1450 252 1533 repeti
284 1453 405 1533 potest,
437 1451 464 1514 si
496 1472 561 1529 res,
593 1454 726 1534 propter
758 1472 855 1534 quam
883 1451 993 1514 datum
1020 1455 1078 1534 est,

73 1542 183 1603 seouta
204 1560 269 1602 non
292 1543 350 1602 est.

157 1658 282 1718 Pumice
310 1657 338 1736 I,
357 1660 419 1717 421
451 1659 505 1718 has
533 1678 649 1735 quoque
678 1659 841 1719 sententias
868 1660 907 1718 ad
935 1659 1080 1720 Sabinum

72 1748 177 1806 referri
199 1766 287 1823 posse
311 1748 468 1806 existimat.

162 1857 235 1922 143.
257 1837 297 1921 o'.
312 1857 363 1940 13,
378 1857 409 1936 3,
422 1858 453 1922 2.
489 1855 578 1921 uem
598 1855 655 1943 (se.
670 1855 842 1944 Ulpianus)
862 1859 945 1924 noro
966 1862 1080 1924 octavo

72 1945 194 2010 decimo
218 1951 258 2010 ad
281 1944 436 2010 Sabinum
460 1943 509 2031 (P.
528 1943 652 2034 25910).
676 1983 718 1992 -
817 1948 860 2025 ei,
887 1947 997 2032 quivi
1020 1949 1079 2014 ali-

73 2056 167 2119 quem
192 2035 231 2098 de
253 2034 352 2098 fundo
377 2034 499 2118 deiecit,
522 2057 617 2118 posse
640 2035 774 2100 fundum
799 2036 923 2101 oondioi
942 2035 1080 2102 Sabinus

72 2125 192 2188 scribit

160 2235 198 2295 of.
211 2234 248 2294 D.
262 2236 314 2308 47,
330 2237 358 2302 2,
373 2237 413 2295 25
442 2234 588 2312 Ulpianus
611 2237 688 2295 libro
711 2237 960 2313 quadragensimo
983 2238 1080 2314 primo

72 2325 109 2382 ad
132 2323 275 2383 Sabinum
299 2317 346 2404 (P.
362 2316 472 2405 2862).
517 2324 631 2383 Verum
658 2327 717 2401 est,
747 2327 825 2402 quod
852 2328 985 2403 plerique
1012 2347 1080 2404 pro-

71 2411 155 2488 bant,
180 2412 266 2471 fundi
287 2412 362 2470 furti
385 2413 435 2489 agi
457 2431 517 2472 non
538 2432 633 2489 posse.
677 2414 756 2472 unde
780 2417 941 2492 quaeritur,
964 2417 990 2474 si
1013 2417 1080 2491 quis

72 2501 108 2558 de
131 2500 224 2559 fundo
246 2501 277 2560 vi
300 2501 431 2560 deiectus
455 2501 502 2576 sit,
526 2520 563 2559 an
587 2501 701 2560 eondiei
724 2503 750 2560 ei
772 2504 868 2578 possit
890 2505 943 2580 qui
963 2504 1078 2563 deieoit.

70 2585 173 2651 Labeo
196 2592 295 2668 negat

164 2700 237 2765 144.
260 2698 298 2764 D.
311 2701 362 2783 19,
373 2699 462 2784 1,24,
473 2701 502 2765 1.
541 2698 686 2763 Iulianos
709 2698 793 2764 libro
818 2701 931 2784 quinto
955 2700 1079 2765 decimo

71 2787 282 2873 Digestorum
310 2787 361 2875 (P.
379 2787 468 2875 253).
494 2824 538 2833 -
567 2786 700 2854 Servum
727 2792 819 2852 tuum
846 2788 1031 2872 imprudens
1060 2811 1079 2853 a

71 2877 143 2942 fure
163 2877 329 2942 bonafide
349 2878 424 2961 emi3
443 2879 470 2942 is
490 2899 529 2942 ex
546 2878 671 2961 peculio
690 2877 775 2961 quod
794 2877 833 2941 ad
850 2881 883 2941 te
896 2876 1080 2960 pertinebat

74 2965 241 3031 hominem
264 2968 398 3051 paravit,
421 2968 476 3051 qui
494 2967 575 3031 mihi
592 2967 729 3032 traditus
749 2970 799 3031 est
818 3016 825 3032 .
842 2988 937 3050 posse
956 2971 989 3030 te
1008 2987 1080 3030 eum

72 3055 239 3121 hominem
271 3055 351 3119 mihi
379 3055 544 3121 condicere
572 3053 709 3120 Sabinus
737 3055 831 3138 dixit,
864 3055 919 3119 sed
947 3055 975 3119 si
1004 3054 1080 3139 quid

72 3144 155 3208 mihi
178 3147 303 3208 abesset
327 3166 364 3208 ex
385 3143 516 3228 negotio
536 3144 620 3227 quod
640 3144 667 3208 is
686 3144 850 3228 gessisset,
873 3144 1010 3208 invicem
1028 3165 1079 3208 me

71 3236 181 3299 tecum
205 3235 349 3297 asturum
373 3232 411 3296 de
434 3232 568 3315 peculio.

157 3351 310 3500 l‘Utlpionus
347 3353 442 3413 addit:
479 3346 612 3412 ‘Cassius
644 3371 744 3413 veram
778 3353 946 3430 opinionem
979 3351 1082 3414 Sabini

70 3446 247 3590 τΘῆητέῌ)
259 3531 409 3608 12,1,31,
422 3535 448 3590 1.
480 3531 564 3591 Idem
579 3522 720 3614 (Paulus)
737 3532 814 3592 libro
829 3533 954 3608 septimo
969 3532 1083 3593 deoimo
