2506 3880
137 157 199 220 168
237 157 257 213 1.
281 154 434 210 ADTATIS
453 153 612 209 AUGUSTI
630 153 678 206 ET
697 152 835 208 TIBDRH
853 152 948 207 IURIS
968 151 1157 210 CONSULTI

138 342 256 401 quoque
279 323 481 400 fragmentum
505 321 592 382 seriei
616 322 825 381 Labeonianae
849 324 894 381 est
917 313 964 402 (P.
983 313 1073 402 171),
1096 321 1154 380 ubi

137 413 211 471 haee
233 412 340 472 verba:
365 406 452 480 ‘Qum
474 410 519 470 ita
544 411 676 486 legatum
702 413 794 484 esset,
822 413 858 469 ut
881 410 962 469 Titia
984 429 1060 470 uxor
1082 427 1155 470 mea

136 495 258 560 habeet'
284 519 344 559 non
372 501 470 559 minus
498 499 636 576 impolita
664 502 741 558 sunt.
788 499 831 558 sie
858 499 937 558 enim
963 500 1026 558 fere
1055 499 1152 575 serip-

137 593 203 648 tum
234 589 326 648 fnisse
356 593 443 664 puto:
481 583 561 647 ‘eum
592 589 636 646 ita
667 588 801 666 legatum
834 591 926 647 esset:
960 588 1042 647 Titia
1073 606 1153 647 uxor
1230 619 1232 650 ÷

138 695 206 736 mea
223 680 342 753 partem
360 678 457 754 ospito
478 671 555 754 ...';
575 676 748 736 Triboniani
766 695 838 736 vero
857 676 977 736 adiutor
995 695 1062 736 oum
1081 695 1150 736 ora·
1230 689 1232 748 ξ

138 765 251 824 tionem
274 769 388 825 reatem
411 765 442 824 in
466 765 617 842 obliquam
641 768 785 843 mutaret,
810 765 1004 843 neglegenter
1028 758 1152 824 ‘meam'
1231 767 1232 838 j

139 855 278 916 servavit.

226 944 315 1002 Nune
352 941 490 1020 quoniam
528 941 662 1002 Iavoleni
703 944 873 1021 fragmenta
911 942 1075 1019 seperatim
1109 944 1152 1002 ab

139 1033 206 1092 aliis
235 1031 404 1092 examinata
432 1035 514 1108 sunt,
543 1031 568 1090 si
595 1031 729 1107 legentes
758 1031 826 1108 illa,
855 1051 931 1108 quae
954 1031 1029 1091 167
1042 1050 1084 1109 sq.
1111 1032 1151 1092 de

141 1121 173 1192 Q.
197 1121 296 1181 Muoio
320 1120 396 1198 dixi,
418 1119 618 1197 meminerint,
641 1120 738 1197 facile,
762 1121 875 1196 opinor,
898 1120 1060 1180 concedent
1081 1137 1152 1180 eon-

140 1211 286 1270 ieetnram
310 1200 351 1268 ab
366 1209 404 1268 H.
418 1209 542 1268 Pernioe
564 1209 748 1285 propositam
772 1210 883 1285 optime
902 1209 1059 1267 fundatam
1075 1227 1151 1270 esse.

231 1298 387 1376 Sequitur,
418 1300 453 1356 ut
484 1298 516 1356 in
542 1297 637 1373 ipsius
665 1298 856 1372 epitomes'a
883 1297 1024 1357 Iavoleno
1052 1298 1151 1358 fartae

144 1389 274 1448 indolem
311 1387 506 1465 inquiramus.
561 1404 595 1444 ao
630 1387 760 1462 primum
798 1385 918 1462 quidem
957 1387 988 1445 in
1020 1383 1151 1464 epitome

145 1477 281 1537 facienda
299 1476 385 1535 illum
404 1475 495 1535 crisin
515 1475 665 1553 quandam
683 1475 849 1534 exercuisse
865 1478 990 1551 apparet
1004 1474 1152 1536 Labeonis

146 1566 310 1626 sententias
325 1565 412 1625 modo
426 1565 612 1642 prebentem,
630 1563 719 1624 modo
733 1564 960 1639 improbantem.
993 1563 1153 1641 utriusque

146 1655 263 1733 generis
282 1656 373 1715 habes
388 1655 530 1730 exempla.
563 1653 636 1713 haec
651 1652 730 1713 enim
744 1654 899 1729 leguntur:
918 1652 994 1712 libro
1009 1652 1024 1712 1
1037 1647 1152 1713 ‘Labeo

145 1744 197 1820 ait,
222 1786 273 1803 ...
298 1763 387 1820 qnam
412 1743 591 1803 sententiam
610 1762 665 1819 ego
684 1761 801 1820 qnoque
819 1735 926 1818 probo'
945 1741 982 1800 D.
998 1743 1047 1818 35,
1064 1744 1090 1816 1,
1106 1743 1150 1800 39

145 1832 177 1892 Ρ.
196 1834 268 1908 107,
287 1832 364 1891 libro
378 1832 410 1891 11
429 1826 589 1891 ‘Labeonis
609 1833 758 1892 sententia
775 1849 847 1892 vera
866 1823 921 1890 est'
941 1830 977 1890 D.
988 1832 1038 1907 32,
1054 1831 1093 1889 29
1105 1849 1152 1904 pr.

143 1919 176 1979 P.
194 1923 271 1995 171,
300 1913 412 1979 ‘Labeo
441 1921 496 1980 hoo
523 1920 632 1995 probat
659 1921 748 1996 idque
776 1939 879 1979 verum
910 1913 969 1978 est'
996 1919 1066 1977 ibid.
1085 1916 1105 1993 ξ
1123 1922 1153 1998 1,

145 2002 256 2066 ‘Labeo
276 2008 380 2067 scribit
403 2053 454 2067 ...
478 2013 509 2066 et
525 2008 582 2066 hoo
600 2027 703 2068 verum
723 2002 809 2084 pnto'
833 2008 903 2068 ibid.
919 2006 939 2084 ξ
955 2010 1006 2084 37,
1029 2007 1105 2067 libro
1120 2007 1154 2067 11

146 2090 259 2154 ‘Labeo
288 2094 427 2154 Uasoellii
460 2085 642 2154 sententiam
670 2097 790 2173 probat,
823 2096 903 2174 qnod
934 2116 1038 2156 verum
1065 2091 1153 2172 pnto'

144 2185 182 2243 D.
198 2186 249 2262 32,
266 2185 337 2260 100,
355 2186 372 2242 1
388 2182 421 2242 P.
434 2186 506 2260 173,
526 2178 636 2242 ‘Labeo
652 2184 812 2244 Trebatius
824 2185 1053 2262 responderunt,
1072 2185 1154 2262 quod

143 2292 248 2334 verum
273 2265 329 2331 est'
353 2269 508 2347 11111114,
538 2265 650 2332 ‘Labeo
673 2272 704 2330 id
727 2272 835 2349 probat
857 2273 946 2350 idque
968 2293 1072 2334 verum
1095 2269 1155 2334 est'

142 2362 179 2423 D.
195 2363 246 2439 33,
268 2364 296 2435 6,
318 2363 391 2436 7pr.
418 2359 450 2419 P.
472 2363 550 2438 180,
579 2355 691 2420 ‘Labeo
718 2362 828 2438 probat
851 2405 916 2438 ...,
940 2364 1019 2439 qnod
1046 2381 1154 2423 verum

144 2444 230 2527 pnto'
259 2449 330 2509 ibid.
345 2448 365 2525 ἓ
382 2453 414 2526 1,
442 2443 600 2509 ‘Labeonis
629 2451 809 2510 sententiam
836 2444 941 2527 probo’
969 2452 1005 2509 D.
1021 2452 1072 2524 33,
1089 2454 1153 2529 7,4

146 2539 180 2598 P.
197 2541 269 2616 181,
293 2533 453 2599 ‘Labeonis
477 2539 656 2598 sententiam
679 2533 786 2617 probo'
809 2539 844 2598 D.
860 2541 911 2616 33,
927 2543 955 2599 7.
970 2541 1010 2599 25
1031 2539 1064 2598 P.
1080 2542 1153 2618 182,

149 2623 262 2688 ‘Labeo
363 2632 393 2688 et
417 2629 472 2688 hoo
494 2622 601 2704 probo'
624 2628 659 2687 D.
676 2631 726 2705 54,
742 2632 770 2702 2,
787 2630 826 2688 39
847 2628 879 2687 Ρ.
896 2629 968 2706 185,
992 2622 1153 2688 ‘Labeonis

146 2736 322 2794 responsum
340 2711 445 2794 probo‘
465 2717 500 2777 D.
517 2720 567 2794 35,
584 2720 612 2790 1,
627 2719 679 2794 40,
695 2721 713 2777 2
738 2717 770 2775 Ρ.
788 2720 859 2794 186,
883 2717 960 2777 libro
978 2716 1022 2775 IV
1041 2711 1154 2777 ‘Labeo

145 2853 213 2884 ...,
237 2806 316 2884 quod
340 2825 444 2865 verum
468 2801 524 2865 est’
548 2806 797 2884 1).40,1,26,3
821 2805 941 2881 Ρ.196,
965 2799 1077 2865 ‘Labeo

143 2897 200 2955 hoo
228 2888 335 2971 probo'
362 2894 399 2954 D.
417 2896 509 2969 18,1‚
527 2897 567 2953 77
595 2893 627 2956 Ρ.
645 2897 722 2966 198,
750 2889 862 2954 ‘Labeo
983 2895 1056 2953 haee
1083 2914 1156 2954 vera

144 2978 226 3044 sunt'
256 2984 358 3059 1140,
380 2985 430 3058 12,
449 2984 506 3060 42,
538 2982 614 3041 libro
638 2982 681 3041 VI
715 2976 827 3043 ‘Labeo
859 2988 951 3061 negat
1048 3002 1156 3043 rernm

144 3067 229 3150 puto’
248 3072 284 3130 D.
301 3073 328 3144 9,
346 3075 374 3149 2,
389 3073 430 3130 57
455 3071 488 3148 P,
504 3073 578 3148 217,
601 3065 711 3132 ‘Labeo
730 3075 819 3148 putat
843 3115 894 3131 ...
918 3071 1065 3132 Labeonis
1089 3090 1156 3132 sen·

145 3162 270 3220 tentiam
294 3154 398 3236 probo’
418 3160 454 3220 D.
471 3161 521 3239 24,
537 3162 566 3237 3,
582 3163 633 3238 66,
649 3163 667 3220 5
692 3160 725 3222 P.
741 3162 813 3236 227,
838 3156 893 3221 ‘ait
911 3159 1020 3234 Labeo,
1045 3163 1077 3219 et
1098 3160 1157 3221 hoo

144 3269 249 3310 verum
272 3243 330 3308 est'
352 3249 423 3309 ibid.
439 3246 458 3322 ξ
475 3251 504 3322 6,
528 3244 584 3309 ‘ait
602 3250 710 3324 Labeo,
808 3255 839 3310 et
862 3251 918 3311 hoe
942 3269 1045 3311 veram
1069 3244 1157 3325 pnto'

144 3337 299 3416 ibid.§7,
325 3338 402 3398 libro
421 3338 465 3398 IX
489 3333 602 3399 ‘Labeo
703 3339 745 3398 eit
846 3342 902 3400 hoo
924 3333 1030 3416 probo'
1052 3338 1088 3396 D.
1106 3341 1159 3414 19,

146 3427 177 3500 2,
192 3427 232 3484 57
256 3425 291 3484 Ρ.
306 3428 378 3488 229.
425 3428 475 3488 sed
499 3431 529 3487 et
552 3427 626 3487 haee
650 3429 805 3506 leguntur:
833 3429 945 3488 libroI
973 3422 1084 3487 ‘Labeo
1113 3427 1160 3488 ait

236 3514 291 3572 hoe
324 3516 433 3575 salsum
464 3509 550 3592 puto'
579 3516 614 3576 D.
635 3519 687 3596 29,
707 3519 735 3594 2,
756 3520 797 3578 60
824 3516 857 3577 P.
879 3519 955 3594 165,
992 3510 1160 3576 ‘Antistius

40 3618 73 3672 k
