2508 3896
150 174 215 239 508
257 174 291 229 Π.
319 173 388 230 ΤΙΒ.
408 171 484 226 GAII
507 173 636 229 CLAUD.
655 172 791 229 NERON.
810 172 918 230 ΤΕΜΡ.
936 173 1034 228 IURIS
1057 172 1158 232 OONS.

149 342 273 400 mittant
293 341 324 398 in
343 340 537 402 contubernio
556 341 646 400 alieni
665 340 742 400 servi
760 340 880 420 morari,
903 341 929 400 si
946 361 1012 401 rem
1029 343 1158 418 mancipi

149 421 300 506 alienent',
334 430 360 488 si
391 432 602 490 testamentum
632 429 752 489 faciant.
802 429 870 505 Ulp.
894 433 942 509 11,
964 432 1013 491 25.
1035 433 1083 492 26.
1103 434 1156 491 27.

148 517 213 578 Gai.
228 519 257 594 2,
273 520 345 578 118.
363 521 434 578 112.

238 599 275 666 ἦ.
294 607 435 668 Mulieres
454 653 478 666 ..
498 627 575 685 quae
597 608 746 683 perfectae
769 607 877 667 aetatis
897 609 975 686 sunt,
997 607 1081 683 ipsae
1100 608 1158 668 sibi

149 695 272 773 negotia
289 699 430 775 tractant,
453 699 483 756 et
501 696 532 754 in
551 695 728 774 quibusdam
746 695 844 756 causis
865 696 937 756 diois
957 697 1057 774 gratia
1074 699 1159 757 tutor

148 785 313 860 interponit
337 786 548 844 auctoritatem
572 803 669 861 suam3
684 793 782 861 ‘saepe
803 784 895 844 otiam
920 785 1033 846 invitus
1054 789 1160 847 auctor

149 873 214 932 fieri
236 892 254 933 a
275 877 414 950 praetore
437 873 557 950 cogitur
646 892 717 933 sane
737 876 931 949 patronorum
951 877 981 934 et
1000 877 1158 950 parentum

148 961 301 1040 legitimae
333 963 446 1022 tutelae
478 962 541 1022 vim
571 963 705 1040 aliquam
736 963 846 1021 habere
878 961 1098 1038 intelleguntur
1125 981 1160 1024 oo

150 1049 230 1129 quod
256 1051 288 1110 hi
314 1070 410 1128 neque
438 1049 476 1110 ad
503 1053 718 1111 testamentum
741 1051 910 1110 faciendum
932 1070 1027 1128 neque
1051 1052 1160 1111 adres

149 1139 279 1215 mancipi
315 1139 489 1198 alienandae
525 1157 622 1216 noque
654 1140 693 1199 ad
726 1138 925 1218 obligationes
958 1140 1159 1217 suscipiendae

150 1231 287 1288 auctores
310 1227 375 1287 ficri
398 1229 555 1306 coguntur,
577 1232 786 1306 praeterquam
809 1229 835 1287 si
857 1247 967 1306 magna
990 1247 1082 1288 causa
1105 1229 1159 1288 ali-

150 1317 331 1376 enandarum
368 1336 468 1375 rerum
504 1312 634 1393 mancipi
669 1317 921 1395 obligationisque
954 1317 1161 1394 suscipiendae

148 1405 341 1481 interveniat3
369 1423 463 1482 eaque
492 1406 591 1465 omnia
618 1406 753 1482 ipsorum
780 1423 871 1466 causa
893 1407 1059 1466 constituta
1082 1410 1162 1484 sunt,

149 1496 193 1571 ut,
216 1493 285 1571 quia
308 1494 346 1553 ad
370 1513 419 1553 eos
442 1494 655 1553 intestatorum
678 1498 865 1553 mortuarum
888 1494 1070 1554 hereditates
1092 1515 1158 1572 per-

147 1583 253 1658 tinent,
276 1602 373 1660 neque
396 1601 450 1658 per
472 1585 687 1642 testamentum
711 1583 908 1642 excludantur
927 1582 964 1642 ab
984 1584 1161 1662 hereditate,

148 1691 245 1748 neque
259 1671 398 1732 alienatis
418 1670 645 1747 pretiosioribus
659 1671 749 1731 rebus
764 1674 962 1749 susceptoque
977 1691 1045 1731 aare
1060 1672 1161 1733 alieno

148 1760 248 1820 minus
257 1761 390 1836 locuples
400 1760 439 1820 ad
449 1752 839 1836 eoshereditaeperveniar?
864 1759 1160 1835 occluso—192.

237 1849 366 1926 Pupillis
384 1849 416 1907 in
435 1849 572 1909 omnibus
588 1848 678 1908 rebus
692 1848 802 1908 tutoris
817 1849 980 1908 auctoritas
993 1851 1165 1910 necessaria

149 1941 208 2016 est,
239 1939 272 1996 in
299 1938 407 2016 quibus
434 1937 526 1996 etiam
553 1937 742 2016 mulieribus,
774 1937 831 1997 hoc
857 1938 985 2013 amplius
1012 1937 1045 1996 in
1070 1938 1165 1998 rebus

148 2045 203 2085 nec
226 2027 356 2102 mancipi
380 2026 552 2086 alienandis.
593 2025 661 2102 Ulp.
678 2028 728 2105 11,
744 2029 794 2086 27.
823 2025 887 2086 Gai.
904 2029 932 2101 2,
948 2027 997 2086 80.
1014 2027 1064 2086 84.
1106 2048 1164 2104 pu-

148 2113 240 2188 pillus
273 2115 364 2191 enim,
397 2115 449 2191 qui
476 2115 537 2172 iam
564 2114 695 2190 aliquem
721 2114 909 2175 intellectum
937 2115 1041 2188 habet,
1075 2135 1164 2176 omne

148 2201 304 2280 negotium
327 2205 408 2262 recte
431 2202 523 2278 gerit,
548 2205 585 2262 ut
607 2205 722 2280 tamen,
745 2204 842 2264 sicubi
863 2204 973 2264 tutoris
997 2205 1166 2265 auctoritas

148 2289 316 2350 necessaria
344 2292 403 2364 est,
434 2290 612 2350 adhibeatur
638 2294 731 2352 tutor.
768 2291 832 2352 Gai.
849 2293 877 2370 3,
894 2294 966 2353 107.
1007 2295 1166 2354 masculus

150 2378 247 2438 minor
283 2397 429 2439 annorum
459 2379 550 2440 XIIH
585 2382 800 2440 testamentum
831 2381 929 2440 facero
959 2399 1019 2439 non
1051 2385 1166 2458 potest,

150 2467 268 2528 etiamsi
290 2470 391 2528 tutore
415 2473 535 2528 auctore
558 2469 656 2529 facere
679 2470 762 2530 velit.
799 2469 995 2548 Gai.2,113.

238 2549 278 2619 ἶ.
303 2558 328 2617 si
356 2558 475 2636 quando
503 2558 611 2618 mulier
638 2561 775 2617 mutuam
802 2559 956 2633 pecuniam
981 2559 1074 2618 alicui
1097 2560 1165 2620 sine

147 2646 258 2706 tutoris
278 2647 458 2707 auctoritate
478 2647 602 2723 dederit,
625 2647 695 2724 quia
712 2647 786 2706 facit
805 2665 869 2706 eam
890 2647 1166 2728 accipiendarum

148 2736 263 2796 scilicet
280 2737 408 2811 pecunia
426 2755 473 2796 res
491 2754 546 2795 nec
563 2736 692 2811 mancipi
706 2735 754 2814 eit,
773 2735 923 2794 contrahit
937 2736 1166 2814 obligationem.

148 2827 180 2884 at
199 2824 225 2884 si
242 2825 376 2900 pupillus
395 2825 474 2884 idem
492 2823 605 2901 fecerit,
624 2823 696 2900 quia
714 2842 774 2883 non
791 2824 865 2883 facit
884 2824 1056 2900 accipientis
1076 2820 1166 2902 s<ine

147 2913 259 2972 tutoris
283 2907 493 2992 auctoritate),
516 2911 633 2971 nullam
655 2912 806 2972 contrahit
829 2912 1056 2990 obligationem
1082 2915 1169 2974 unde

148 3001 282 3077 pupillus
313 3001 464 3062 vindicare
496 3000 617 3078 quidem
648 3019 785 3060 nummos
817 3019 887 3060 euos
919 3005 1033 3078 potest,
1065 3003 1169 3062 sicubi

148 3092 259 3167 extent,
282 3089 313 3148 id
337 3091 384 3150 est
400 3087 503 3165 petere
523 3107 593 3148 suos
612 3107 649 3148 ex
667 3091 732 3149 iure
751 3088 913 3160 Quiritium
932 3085 1016 3150 esse’
1050 3089 1117 3151 Gai.
1135 3094 1170 3170 2,

237 3260 291 3325 ‘At
319 3284 354 3325 ox
382 3265 532 3325 contrario
560 3285 662 3326 omnes
685 3285 733 3326 ree
755 3268 819 3326 tam
842 3268 971 3344 mancipi
994 3287 1086 3346 quam
1107 3287 1170 3330 nec

147 3354 277 3429 mancipi
294 3353 471 3413 mulieribus
489 3358 520 3414 st
538 3355 662 3431 pupillis
680 3356 744 3415 sine
764 3355 875 3416 tutoris
889 3357 1069 3416 auctoritate
1085 3357 1170 3419 solvi

146 3447 284 3520 possunt,
314 3443 453 3518 quoniam
481 3442 634 3503 meliorem
661 3443 863 3504 condicionem
886 3463 972 3504 suam
995 3446 1094 3506 facere
1118 3446 1170 3506 eie

148 3526 240 3584 etiam
268 3529 331 3587 sino
358 3530 469 3590 tutoris
497 3531 678 3592 auctoritate
705 3549 878 3592 concessum
906 3536 960 3594 eet.
1006 3535 1112 3612 itaque
1139 3535 1168 3595 si
