2568 3890
144 172 209 237 222
246 175 267 229 Ι.
291 174 446 229 AETATIS
465 173 621 230 AUGUSTI
640 175 686 230 UT
703 175 841 231 TIBERII
858 175 954 231 IURIS
973 175 1153 232 CONSULTI

483 335 527 390 De
543 352 618 392 eaeo
636 336 812 392 instituendo.

233 444 262 506 6.
295 443 332 508 D.
358 445 410 528 28,
433 446 464 530 5,
485 447 536 510 21.
598 444 796 529 Pomponius
840 446 924 510 libro
965 447 1070 530 primo
1112 447 1152 511 ad

146 528 300 595 Sabinum
334 528 382 618 (P.
410 531 499 619 389).
534 570 575 580 -
608 534 777 599 Trebatius
814 536 859 598 ait
892 535 938 600 sio
969 557 1034 599 non
1067 540 1152 601 reete

145 618 258 684 scribi:
283 619 438 705 ‘quisquis
458 622 537 687 mihi
556 623 649 687 heres
669 623 738 705 erit,
760 622 888 688 Stichus
906 623 990 689 liber
1008 627 1040 688 et
1057 624 1152 690 heres

145 707 235 788 esto',
257 709 395 774 liberum
415 714 523 775 tamen
542 711 695 776 futurum.
734 709 841 777 Labeo
861 716 893 777 et
911 712 1060 777 heredem
1080 735 1152 779 eum

143 797 285 862 futurum
306 849 355 863 ...
375 803 477 882 putat.

234 889 261 953 7.
293 886 333 953 D.
357 889 409 972 28,
427 888 457 970 5,
476 888 506 972 9,
528 889 577 953 14.
635 887 794 973 Ulpianus
836 888 921 954 libro
961 889 1074 974 quinto
1111 891 1150 955 ad

144 973 298 1040 Sabinum
322 974 370 1060 (P.
390 973 500 1062 2464).
524 1014 566 1023 -
591 975 625 1042 Si
652 977 722 1061 quis
746 978 792 1042 ita
815 979 980 1062 scripserit
1008 976 1150 1046 ‘Stichus

142 1065 224 1129 liber
261 1070 330 1130 esto
368 1069 414 1146 et,
450 1070 662 1149 posteaquam
698 1066 782 1130 liber
819 1068 893 1149 erit,
930 1067 1023 1130 heres
1059 1067 1153 1152 esto',

142 1153 251 1219 Labeo
281 1153 434 1218 Neratius
466 1159 499 1218 et
527 1154 636 1219 Aristo
670 1155 843 1238 opinantur
876 1155 1018 1220 dabaoto
1052 1157 1151 1221 verbo

143 1242 247 1308 medio
271 1239 406 1326 ‘postea'
431 1243 527 1307 simul
555 1245 583 1307 ei
612 1247 644 1307 et
672 1243 856 1308 libertatem
881 1253 914 1309 et
936 1243 1151 1309 hereditatem

142 1336 332 1416 competere.

232 1422 261 1487 8.
280 1418 319 1486 D.
333 1421 386 1502 28,
396 1420 426 1499 5,
436 1420 488 1484 66.
524 1420 613 1485 Idem
633 1420 689 1506 (so.
703 1420 888 1506 Iavolenus)
907 1421 992 1487 libro
1012 1425 1150 1506 septimo

144 1507 370 1592 Epistularum
383 1508 431 1596 (P.
444 1505 531 1595 102).
545 1547 587 1556 -
602 1509 682 1574 Dius
701 1531 837 1592 servum,
856 1511 910 1594 qui
925 1516 1153 1596 postmortem

145 1620 250 1663 meam
277 1602 374 1663 natus
402 1598 476 1676 erit,
503 1598 654 1663 heredem
681 1599 811 1663 institui
840 1621 933 1684 posse
956 1599 1063 1665 Labeo
1089 1601 1151 1666 fre·

145 1692 280 1772 quanter
317 1687 429 1752 soribit
464 1687 560 1772 idque
596 1710 707 1752 verum
744 1709 814 1752 esse
851 1687 1023 1754 manifesto
1057 1711 1152 1774 argu-

144 1779 252 1840 mento
290 1776 488 1860 comprobat:
526 1777 601 1860 quia
638 1798 747 1842 servus
784 1777 1012 1862 hereditarius,
1048 1779 1152 1862 prius·

146 1887 241 1949 quam
261 1864 394 1929 adeatur
410 1865 581 1948 hereditas,
605 1866 733 1930 institui
751 1866 844 1930 heres
863 1871 981 1952 potest,
1005 1868 1152 1952 quamvis

144 1955 171 2018 is
195 1955 382 2017 testamenti
406 1954 483 2018 faeti
506 1958 651 2039 tempore
674 1955 794 2019 nullius
818 1955 870 2020 sit.

558 2154 605 2212 Do
628 2155 736 2228 tepetis.

514 2270 662 2336 Defuncto
681 2271 778 2340 lepoto.

232 2380 263 2445 9.
294 2378 332 2444 D.
356 2379 408 2462 31,
426 2380 478 2463 49,
497 2381 527 2443 2.
577 2379 695 2444 Paulus
723 2380 807 2445 libro
836 2381 948 2464 quinto
978 2380 1018 2444 ad
1046 2381 1151 2466 legem

142 2468 260 2533 Iuliam
289 2477 321 2532 et
347 2468 480 2553 Papiam
509 2466 558 2552 (P.
582 2466 672 2553 949).
696 2506 738 2514 -
766 2469 872 2533 Labeo
901 2471 1000 2534 refert
1028 2491 1151 2555 agrum,

143 2558 232 2622 ouius
256 2558 482 2624 commercium
501 2578 566 2622 non
585 2558 695 2642 habes,
718 2559 822 2644 legari
840 2559 901 2622 tibi
919 2579 1015 2643 posse
1034 2559 1152 2625 Treba-

142 2649 222 2711 tium
246 2647 459 2731 respondisse.

234 2737 283 2801 10.
302 2735 341 2800 D.
355 2737 407 2817 30,
419 2736 471 2814 47,
482 2736 510 2800 6.
543 2734 702 2819 Ulpianus
721 2736 805 2801 libro
819 2737 997 2801 vicensimo
1012 2737 1150 2802 seeundo

143 2825 184 2889 ad
216 2824 370 2889 Sabinum
403 2821 451 2910 (P.
471 2821 583 2910 2633).
615 2861 651 2869 -
776 2825 804 2888 si
835 2823 953 2889 fundus
985 2825 1150 2890 chasmate

142 2912 287 2997 perierit,
315 2911 422 2976 Labeo
451 2914 497 2975 ait
525 2914 635 2996 utique
664 2913 921 2977 aestimationem
945 2935 1010 2978 non
1034 2913 1150 2979 deberi.

234 3003 284 3067 11.
311 3000 349 3065 D.
369 3002 421 3079 33,
437 3002 466 3082 7,
482 3002 531 3083 12,
545 3002 575 3066 3.
620 2997 780 3084 Ulpianus
804 3000 886 3066 libro
910 3001 1085 3067 vicensimo
1110 3003 1150 3067 ad

144 3089 299 3156 Sabinum
319 3089 369 3176 (P.
383 3088 494 3174 2609).
510 3125 552 3136 -—
569 3088 750 3173 Quaeritur,
774 3110 816 3154 an
839 3112 958 3172 servus,
980 3093 1036 3175 qui
1056 3092 1149 3175 quasi

143 3179 276 3245 colonus
299 3180 332 3244 in
358 3201 437 3264 agro
461 3185 543 3261 erat,
566 3179 780 3244 instrumento
804 3179 914 3264 legato
938 3181 1148 3244 contineatur.

144 3274 176 3330 et
203 3268 311 3333 Labeo
344 3273 377 3332 et
402 3266 546 3353 Pegasus
645 3272 860 3352 negaverunt,
893 3267 968 3352 quia
997 3288 1061 3333 non
1089 3289 1149 3352 pro

144 3356 358 3420 instrumento
382 3357 416 3420 in
439 3356 537 3421 fundo
560 3355 676 3441 fuerat,
700 3358 828 3421 etiamsi
852 3358 965 3422 solitus
988 3356 1094 3422 fuerat
1116 3360 1150 3420 et

143 3442 286 3506 familiae
310 3446 476 3527 imperare.

235 3531 283 3593 12.
307 3530 346 3595 D.
365 3532 442 3597 ibid.
460 3534 491 3597 4.
512 3570 549 3584 —
572 3532 765 3598 Saltuarium
857 3533 964 3597 Labeo
984 3583 1034 3597 ...
1053 3537 1149 3616 putat
