2506 3880
140 142 204 206 122
240 141 261 198 Ῑ.
282 139 437 196 AETATIS
455 137 614 196 AUGUSTI
632 139 835 194 ET'TIBERII
852 137 949 194 lorus
967 138 1144 194 CONSULTI

229 303 301 368 140.
324 303 364 369 D.
377 303 453 367 ibid.
468 304 489 383 ξ
505 303 534 368 l.
554 339 595 348 -
615 300 805 368 Convicium
823 323 889 375 non
907 304 1037 367 tantum
1054 324 1145 386 prae-

139 393 232 472 senti,
254 414 365 457 verum
390 392 518 456 absenti
541 412 667 477 quoqne
690 390 760 455 fieri
784 412 880 476 posse
898 389 1006 456 Labeo
1025 391 1146 457 scribit

138 481 272 566 proinde
300 481 327 545 si
355 480 427 566 quis
456 479 497 546 ad
524 479 655 545 domum
682 483 772 544 tuam
800 479 925 545 venerit
946 483 980 545 te
1003 480 1145 559 absente,

138 570 317 636 convicium
335 568 458 635 factum
477 590 548 634 esse
567 567 692 634 dicitnr.
721 569 806 633 idem
826 571 859 633 et
872 567 901 634 ei
915 567 957 634 ad
971 568 1144 635 stationem

138 659 189 725 vel
213 659 383 725 tabernam
404 663 537 724 ventum
560 659 616 742 eit,
639 657 772 741 probari
795 661 953 742 oportere.

432 867 480 926 De
501 869 677 942 011101100ίαί0
694 868 848 942 pudicitia.

226 988 299 1053 150.
317 986 356 1051 D.
370 987 486 1071 4210,
499 987 548 1070 15,
560 986 610 1051 16.
642 984 802 1070 Ulpianus
821 985 897 1052 ibid.
916 983 963 1072 (P.
976 982 1087 1070 1352).
1100 1022 1145 1033 —

135 1075 295 1142 Comitem
328 1076 473 1160 accipere
505 1075 659 1140 debemus
698 1096 784 1158 eum,
822 1075 876 1160 qni
909 1076 1081 1140 comitetur
1113 1081 1145 1141 et
1238 1103 1240 1134 ι

136 1168 290 1250 sequatur
317 1169 357 1248 et,
385 1168 423 1229 ut
450 1164 496 1228 ait
518 1162 637 1248 Labeo,
665 1163 732 1229 sive
759 1163 895 1229 liberum
924 1164 992 1228 eive
1015 1185 1145 1229 servum
1239 1209 1240 1248 ,

136 1253 203 1335 sive
232 1253 411 1319 masculum
440 1255 507 1318 sive
534 1252 703 1318 feminam:
731 1256 764 1318 et
791 1251 839 1318 ita
861 1252 1013 1317 comitem
1036 1250 1144 1319 Debeo
1239 1259 1240 1262 ’

135 1343 246 1408 definit
277 1343 333 1425 qni
361 1343 579 1425 frequentandi
609 1342 752 1423 00100000
782 1361 879 1407 causo
909 1346 946 1407 ut
973 1346 1146 1424 seqoaear
1240 1353 1241 1364 *

134 1433 305 1498 destinatus
326 1432 362 1496 io
379 1432 502 1514 0051100
518 1432 678 1514 priuatooc
699 1430 846 1497 obductu
866 1430 970 1508 fuerit.

226 1520 298 1587 151.
321 1520 361 1586 D.
375 1520 485 1601 ibide
502 1521 552 1586 17.
571 1556 614 1568 -
632 1519 808 1585 Abdunissc
828 1520 956 1602 uidetur,
978 1522 1015 1583 ut
1035 1518 1144 1584 Labeo

136 1610 196 1693 ait,
221 1629 284 1674 noa
311 1611 366 1692 qai
391 1610 537 1676 051100ον0
562 1610 700 1674 comitem
726 1609 832 1692 coepit,
860 1609 912 1674 sed
932 1609 988 1690 qui
1003 1607 1144 1693 perfecit,

135 1703 171 1763 ut
192 1718 288 1765 comcs
308 1719 377 1764 cum
400 1719 433 1765 eo
455 1719 519 1764 non
541 1703 623 1764 essct.

376 1899 423 1960 Ne
445 1901 515 1974 qnid
536 1900 704 1973 infamandi
726 1915 816 1958 cuasa
837 1899 899 1970 fiat.

224 2017 297 2084 152.
331 2016 370 2082 D.
389 2017 442 2100 47,
461 2019 513 2101 10,
533 2016 584 2100 15,
602 2018 655 2083 26.
708 2015 868 2100 Ulpianus
899 2015 983 2081 libro
1016 2038 1072 2101 sep
1074 2020 1146 2083 tua·

134 2107 280 2190 gensimo
300 2109 372 2190 sept
372 2105 437 2171 imo
458 2105 498 2170 ad
517 2105 657 2170 edictum
670 2102 719 2191 (P.
730 2102 898 2190 1353).-
912 2104 983 2170 Ηο0
1002 2104 1145 2172 edictum

134 2215 366 2296 supervacuum
390 2214 458 2258 esse
481 2192 661 2259 Labeot
614 2196 661 2258 01
665 2244 674 2279 ,
700 2194 818 2279 quippe
841 2215 914 2260 cum
937 2215 976 2258 ex
999 2195 1147 2278 generali

132 2282 323 2348 iniuriarum
351 2303 445 2367 agere
473 2303 655 2366 possumus
701 2282 756 2347 sed
784 2282 971 2347 videtnrt
938 2286 1005 2347 etr
995 2284 1059 2369 ipsi
1082 2283 1147 2350 La·

132 2371 278 2436 beoni..
293 2373 412 2455 .tprae
413 2392 501 2436 orem
525 2370 657 2436 candem
681 2392 811 2435 causam
834 2374 978 2436 secutum
1001 2373 1146 2439 voluisse

133 2460 231 2525 etiam
254 2459 403 2545 specialit
404 2481 438 2525 01
388 2460 499 2525 tde
523 2481 562 2524 ea
584 2481 619 2524 re
641 2460 743 2545 loqui:
767 2481 804 2524 ea
827 2461 923 2546 enim,
946 2481 1027 2546 qnae
1051 2465 1145 2527 nota·

132 2549 243 2615 biliter
265 2549 360 2636 fiunt,
386 2550 451 2615 nisi
475 2549 659 2634 specialiter
681 2551 849 2634 notentur,
876 2548 1026 2614 videntur
1050 2551 1146 2635 quasi

130 2639 286 2724 neglecta

385 2760 432 2819 De
453 2760 572 2819 obtortis
595 2775 668 2832 quac
690 2760 782 2819 seruis
803 2760 887 2831 fiunt.

222 2878 296 2944 153.
325 2876 365 2942 D.
379 2878 432 2960 47,
452 2877 503 2960 10,
524 2876 575 2958 15,
594 2877 646 2941 39.
700 2876 862 2960 Ulpianus
894 2877 978 2942 libro
1011 2881 1145 2964 septua-
1244 2909 1245 2922 ¹

134 2967 280 3051 gensimo
307 2967 444 3049 septimo
469 2965 509 3029 ad
532 2965 671 3031 edictum
694 2961 744 3051 (P.
759 2964 870 3052 1356).
894 3001 936 3012 -—
961 2968 1146 3050 ..quaerit
1243 3011 1245 3028 .

130 3055 248 3138 Labeo,
272 3054 299 3118 si
323 3053 535 3138 magistratus
559 3054 763 3138 municipalis
787 3075 914 3120 servum
934 3076 1041 3120 meum
1061 3055 1146 3122 loris
1243 3037 1245 3086 l

130 3143 268 3228 ruperit,
301 3164 343 3206 an
369 3143 493 3225 possim
521 3164 595 3208 cnm
622 3164 659 3208 eo
688 3142 838 3228 experiri,
866 3145 958 3227 quasi
986 3144 1146 3210 adversus
1244 3187 1245 3198 .

130 3233 234 3299 bonos
257 3252 362 3296 mores
386 3230 611 3298 verberaverit.
657 3235 690 3296 et
717 3232 764 3296 ait
791 3231 930 3297 iudicem
953 3232 1070 3298 debere
1093 3234 1149 3298 in·
1244 3251 1245 3312 ξ

131 3321 267 3405 quirere,
282 3319 358 3405 quid
372 3321 544 3385 facientem
559 3342 687 3386 servum
701 3341 806 3385 meum
819 3322 1048 3386 verberaverit:
1062 3344 1147 3387 nam
1243 3323 1245 3388 ς

131 3408 159 3472 ei
190 3407 345 3473 honorem
382 3412 635 3494 ornamentaque
666 3407 852 3493 petulanter
883 3409 1147 3494 attemptantem
1243 3469 1245 3484 ,

130 3494 294 3577 ceciderit,
318 3495 548 3560 absolvendum
571 3519 653 3563 enm.
