2512 3888
161 179 227 245 386
268 179 302 234 ll.
330 178 398 234 TIB.
418 177 494 234 ann
520 177 649 234 CLAUD.
668 175 804 232 NERON.
823 175 930 232 ΤΕΜΡ.
949 173 1046 231 lURIS
1070 173 1171 230 CONS.

164 342 250 408 ‘satis
274 341 425 407 acerbum'
443 345 601 408 videbatur
625 339 671 426 (0.
688 347 716 421 7,
732 347 761 421 6,
776 339 820 425 8).
864 344 966 421 itaque
991 360 1171 420 quamquam

164 436 241 496 alius
261 435 364 496 Sabini
379 435 541 496 sententias
555 439 589 494 ut
609 433 797 512 benigniores
816 431 973 510 probabat,
989 433 1062 491 iuris
1077 430 1171 491 civilis

163 524 257 584 libros
284 525 315 584 in
343 524 469 585 indicem
497 524 641 583 librorum
670 522 776 582 reterri
805 521 879 582 satis
908 539 972 580 esse
994 520 1095 582 visum
1118 521 1170 579 est.

251 613 330 673 Nam
349 631 416 673 cum
435 629 512 673 nova
526 612 652 690 Digesta
669 613 867 688 componeret,
885 610 922 669 da
937 608 1041 669 Sabini
1055 625 1172 686 qnoque

163 703 321 763 sententiis
348 703 397 763 vel
423 701 581 762 reiciendis
607 702 657 762 vel
683 699 861 776 recipiendis
886 698 1086 758 Tribonianns
1113 714 1172 757 non

162 790 262 868 poluit
284 809 344 851 non
367 791 538 850 diiudicare.
579 807 656 866 quae
680 788 849 864 traduntur,
872 788 946 847 haec
968 788 1030 846 lere
1049 789 1129 845 sunt.

252 871 286 962 1)
309 879 333 939 Ι.
353 882 382 954 2,
399 881 450 957 20,
465 880 594 938 34-36
624 872 715 937 ‘Ante
742 877 860 937 heredis
884 876 1106 936 institutionem
1128 874 1171 933 in·

160 968 279 1028 utiliter
310 971 399 1028 antea
430 968 591 1046 legabatur
707 967 774 1043 pari
809 965 926 1026 ratione
962 983 1017 1024 neo
1048 963 1172 1023 libertas

162 1061 233 1117 ante
259 1056 379 1117 heredis
406 1055 627 1116 institutionem
655 1056 719 1114 dari
746 1056 867 1131 poterat
885 1056 1023 1130 ...post
1046 1055 1172 1112 mortem

163 1165 283 1222 qnoque
310 1145 429 1206 heredis
452 1147 506 1204 aut
527 1144 667 1222 legatarii
694 1144 786 1203 simili
808 1143 896 1203 modo
918 1142 1068 1202 inutiliter
1090 1142 1171 1217 lega-

162 1235 255 1294 batur
274 1281 280 1294 .
296 1281 303 1294 .
319 1279 325 1293 .
344 1251 459 1310 poenae
490 1251 608 1310 quoque
636 1232 755 1293 nomine
781 1231 931 1292 inutiliter
956 1230 1116 1308 legabatur
1143 1233 1174 1289 et

164 1323 353 1383 adimebatur
380 1321 428 1383 vel
451 1322 691 1381 transferebatur
709 1366 716 1381 .
733 1367 740 1381 .
755 1367 762 1383 .
780 1320 852 1398 quin
880 1321 973 1381 etiam
1000 1337 1056 1380 nec
1082 1319 1173 1379 liber·

162 1415 258 1472 tatem
286 1429 399 1488 poenae
426 1411 545 1470 nomine
578 1410 644 1469 duri
670 1427 757 1486 posse
785 1409 933 1486 placebat.
982 1427 1016 1470 eo
1044 1407 1173 1484 amplius

161 1519 217 1560 nec
244 1500 384 1560 heredem
411 1517 523 1576 poenae
551 1498 671 1559 nomine
698 1497 774 1559 adici
801 1517 888 1576 posse
916 1497 1044 1558 Sabinus
1072 1497 1174 1556 existi-

161 1589 265 1649 mabat
289 1592 409 1650 ...at
440 1587 649 1648 huiusmodi
681 1588 947 1664 scrupulositas
974 1586 1077 1647 nobis
1105 1603 1174 1645 non

160 1670 384 1755 placuit...'
407 1678 444 1738 cf.
464 1675 534 1737 Ood.
555 1680 583 1754 6,
599 1679 717 1754 23,24.
737 1679 831 1754 8,37,
848 1679 898 1736 11.
919 1677 1014 1753 6,41,
1030 1677 1058 1735 1.

253 1759 287 1848 2)
308 1765 331 1827 I.
352 1768 381 1844 3,
397 1769 447 1846 26,
463 1769 482 1827 8
502 1759 544 1826 ‘Is
563 1767 615 1843 qui
634 1766 806 1842 exsequitur
820 1764 995 1824 mandatum
1008 1781 1068 1824 non
1086 1763 1176 1824 debet

164 1856 304 1916 excedere
327 1855 401 1915 fines
424 1854 566 1914 mandati.
608 1858 644 1915 ut
667 1873 734 1914 ecce
753 1854 780 1914 si
797 1854 864 1930 quis
882 1872 977 1930 usque
995 1852 1034 1912 ad
1053 1854 1175 1912 centum

162 1962 269 2004 aureos
301 1944 490 2005 mandaverit
518 1943 589 2020 tibi,
620 1947 657 2003 ut
682 1942 810 2003 fundum
838 1959 951 2002 emeres
975 1985 982 2001 .
1002 1985 1010 2003 .
1028 1986 1049 2018 .,
1076 1958 1175 2017 neque

163 2034 258 2109 pluris
282 2052 380 2094 emere
399 2033 488 2092 debes
506 2079 512 2092 .
529 2077 536 2091 .
551 2077 568 2105 .,
592 2032 665 2092 adeo
684 2033 813 2110 quidem,
835 2034 872 2091 nt
891 2030 1002 2092 Sabino
1021 2033 1053 2090 et
1071 2028 1175 2090 Cassio

162 2121 323 2198 placuerit,
366 2123 457 2181 etiam
490 2120 515 2180 si
546 2139 642 2198 usque
673 2121 712 2179 ad
748 2125 867 2180 centum
898 2137 1005 2180 aureos
1038 2137 1108 2179 cum
1141 2137 1176 2178 eo

163 2229 253 2289 agere
275 2209 366 2288 uelis,
388 2209 537 2269 inutiliter
559 2213 590 2270 te
613 2203 758 2268 acturum
806 2209 940 2270 diversae
964 2208 1083 2269 scholae
1107 2225 1176 2267 unc·

163 2303 244 2359 tores
267 2301 366 2358 reete
393 2301 424 2358 te
446 2316 540 2375 nsque
563 2298 602 2358 ad
631 2299 752 2357 eentum
780 2315 886 2358 aureos
909 2300 1047 2358 acturum
1075 2296 1177 2356 existi·

163 2393 256 2447 mant.
281 2404 370 2463 quae
394 2387 576 2447 sententia
599 2405 683 2448 sane
707 2386 897 2464 benignior
920 2390 976 2446 est
993 2431 1022 2447 ..
1039 2379 1058 2446 .'

252 2472 286 2558 3)
308 2475 332 2538 L
350 2477 380 2552 4,
400 2477 494 2536 3.14.
512 2478 551 2536 15
576 2470 698 2537 Ἧοο..
722 2476 818 2553 capite
843 2469 896 2555 (sc.
919 2473 995 2552 legis
1018 2467 1178 2554 Aquiliae)

163 2584 224 2626 non
255 2565 361 2643 quanti
392 2565 424 2624 in
456 2584 490 2626 eo
523 2584 610 2640 anno,
643 2565 695 2625 sed
726 2564 833 2643 quanti
855 2565 887 2623 in
917 2562 1021 2624 diebus
1047 2562 1180 2639 triginta

163 2655 307 2731 proximis
329 2673 378 2714 res
398 2655 499 2727 luerit,
523 2655 676 2732 obligatur
694 2655 720 2714 is
738 2654 791 2730 qui
809 2654 951 2714 damnum
973 2652 1100 2714 dederit.
1142 2669 1179 2711 ac

162 2762 200 2804 ne
227 2743 350 2819 plurimi
379 2743 499 2820 quidem
529 2743 655 2804 uerbum
682 2742 824 2821 sdicitur,
856 2742 908 2802 sed
937 2741 1049 2802 Sabino
1076 2744 1181 2801 recte

163 2832 278 2908 placuit
300 2832 422 2908 perinde
444 2831 613 2890 habendam
636 2831 875 2891 aestimationem
898 2848 932 2891 sc
955 2830 981 2891 si
1004 2830 1097 2890 etiam
1119 2828 1180 2889 hac

162 2923 248 2996 purte
279 2920 402 2995 plurimi
434 2920 557 2979 verbum
589 2918 738 2978 adiectum
770 2913 899 2980 fuisset'.
949 2918 1056 2996 (laius,
1089 2917 1182 2979 cuius

163 3008 263 3070 verbis
277 3007 476 3067 Triboniunus
493 3025 566 3066 usus
581 3008 628 3066 est
644 3009 673 3086 3,
689 3009 885 3068 alstanum
898 3007 986 3070 modo
1001 3009 1183 3086 scripserat:

163 3090 228 3158 ‘sed
252 3096 361 3156 Sabino
383 3088 518 3172 placuit'.

252 3177 288 3265 4)
313 3183 383 3245 coo.
404 3187 432 3262 6,
447 3187 498 3261 26,
515 3185 556 3244 10
579 3178 668 3244 ‘Oum
691 3185 813 3263 quidam
833 3185 949 3246 duobus
968 3185 1182 3262 impuberibus

162 3273 234 3332 filiis
258 3274 319 3334 suis
342 3273 500 3334 heredibus
525 3273 674 3335 institutis
697 3275 816 3354 adiecit,
840 3275 865 3335 si
887 3279 1014 3351 uterque
1036 3274 1183 3351 impubes

165 3362 338 3438 decesserit,
364 3361 451 3420 illum
476 3362 531 3422 sibi
555 3381 619 3422 esse
641 3363 794 3442 heredem,
822 3367 853 3423 et
876 3362 1072 3424 dubitabatur
1094 3363 1184 3440 apud

165 3449 305 3526 antiquos
323 3449 425 3525 legum
443 3454 588 3529 auctores,
609 3455 749 3511 utrumne
770 3454 842 3512 tnnc
861 3452 958 3512 voluit
975 3450 1184 3512 substitutum

164 3535 294 3612 admitti,
315 3555 382 3596 cum
405 3539 532 3615 uterque
554 3538 636 3599 filius
660 3540 725 3599 eius
748 3539 779 3598 in
802 3540 900 3616 prima
922 3542 1022 3600 aetate
1041 3540 1185 3602 decesse-
