2580 3888
436 174 461 224 2.
485 164 667 223 Maenalus
687 168 838 224 sasinus
1051 154 1057 164 '
1078 166 1143 231 315

110 337 195 396 ‘tiae
224 354 327 394 eorum
355 353 471 394 omnem
498 353 587 394 usum
616 335 798 395 aboliturum
824 354 911 412 saepe
937 337 1077 413 iactasse,
1111 354 1142 395 se

135 426 318 501 effecturum,
336 442 373 483 ne
392 424 465 501 quid
481 424 659 499 respondere
677 427 799 499 possent
816 428 935 499 praeter
953 445 1029 484 eum.
1065 443 1142 502 quae

133 513 339 574 minitationes
362 512 479 572 etiamsi
501 512 638 588 inprimis
661 513 700 571 ad
718 511 861 572 Sabinum
880 516 912 573 et
928 513 1054 589 principi
1073 515 1144 574 sub·

134 603 204 662 inde
224 602 256 660 in
277 601 483 677 respondendo
507 600 702 661 obsistentem
725 606 756 660 et
777 600 809 660 in
826 601 900 660 iuris
920 602 1142 678 quaestionibus

133 691 304 751 decidendis
330 691 473 768 primum,
504 692 649 767 quantum
677 689 799 766 scimus,
825 689 949 750 Homeri
970 691 1142 750 testimonio

134 783 271 839 utentem
290 771 482 861 (D.18‚1‚1‚
495 771 528 860 1)
547 779 697 854 pertinere
715 779 883 855 videantur,
902 782 1035 838 attamen
1053 779 1143 840 bene-

134 869 235 928 ficium
258 868 334 926 illud
351 868 488 928 Masurio
513 886 531 927 a
554 868 672 927 Tiberio
696 885 868 927 concessum
891 870 921 926 et
943 887 962 925 a
985 865 1058 926 Gaio
1077 867 1142 944 ipso

134 958 219 1017 initio
247 957 365 1033 imperii
392 957 618 1032 comprobatum
644 959 750 1033 postea
779 957 908 1016 adimere
931 954 1004 1014 iuris
1027 957 1144 1016 auctori

134 1046 273 1124 quamvis
295 1047 420 1106 molesto
443 1046 584 1106 idoneum
607 1065 666 1105 non
689 1045 808 1105 videtur
831 1045 958 1104 duxisse.

223 1135 313 1210 Apud
331 1135 520 1195 Athenaeum
538 1134 747 1194 Naucratitam
770 1135 819 1195 vel
842 1133 942 1210 potius
966 1132 1030 1192 eius
1050 1133 1145 1208 epito-

133 1227 281 1283 matorem
300 1224 335 1283 de
349 1223 481 1282 Masurio
501 1223 630 1300 quodam
648 1225 722 1282 haec
740 1224 870 1300 legimus
885 1221 970 1300 (XIV
982 1242 1011 1298 p.
1028 1214 1145 1302 623e):

134 1311 311 1388 Μασούριος
343 1307 358 1371 δ
390 1311 487 1370 πάντα
519 1308 635 1390 ύριστος
666 1308 717 1371 καί
745 1309 839 1388 σοφὸς
866 1304 930 1392 (καί
960 1308 1016 1390 γὰρ
1043 1308 1145 1388 νόμων

134 1397 274 1478 ἐξηγητὴς
302 1396 424 1470 ούδενὸς
451 1399 586 1479 δεύτερος
612 1397 661 1460 καὶ
688 1397 754 1480 περὶ
782 1398 927 1477 μουσικὴν
954 1397 1147 1478 ἐνδιατρίβων

134 1488 205 1548 αἰεί·
237 1487 354 1547 ἅπτεται
386 1486 445 1566 γὰρ
477 1486 525 1547 καί
556 1497 615 1548 τῶν
647 1481 796 1568 ὁρμαίνων)
829 1491 861 1548 et
892 1489 971 1564 apud
1001 1488 1147 1565 prooemii

135 1578 312 1652 scriptorem
338 1568 389 1656 (cf.
409 1577 494 1636 Kaib.
513 1579 605 1653 praei.
625 1597 653 1652 p.
672 1577 770 1636 XXIX
781 1569 857 1657 sqq.)
885 1578 958 1637 haec
983 1569 1013 1658 (I
1030 1598 1058 1653 p.
1076 1571 1146 1652 lot:

18 1708 20 1714 ,
134 1663 346 1744 Μανσούριος,
376 1663 476 1741 νόμων
504 1661 645 1744 ἐξηγητὴς
666 1662 716 1724 καὶ
738 1663 835 1740 πάσης
857 1665 990 1737 παιδείας
1012 1663 1049 1726 ού
1072 1686 1147 1744 παρ-

134 1751 225 1834 έργως
243 1750 406 1830 ἐπιμέλειαν
424 1753 617 1830 ποιούμενος,
641 1752 732 1830 μόνος
749 1752 889 1831 ποιητής,
912 1751 988 1832 ἀνὴρ
1006 1751 1056 1813 καὶ
1075 1752 1147 1814 κατὰ

134 1841 190 1919 τὴν
212 1839 303 1919 δίκην
325 1841 463 1902 παιδείαν
487 1839 610 1914 ούδενὸς
633 1841 767 1921 δεύτερος
789 1839 839 1902 καί
860 1840 915 1918 τὴν
938 1840 1091 1922 ἐγκύκλιον
1111 1841 1147 1904 ού

135 1927 286 2011 παρέργως
308 1927 471 2007 ἐζηλωκώς·
494 1928 616 1992 ἕκαστον
638 1929 694 2011 γὰρ
718 1922 761 1990 ὧν
784 1928 970 1992 ἐπεδείκνυτο
993 1928 1033 2003 ὡς
1054 1931 1147 2009 μόνον

135 2027 220 2080 τοῦτο
252 2016 389 2097 ἠσκηκὼς
421 2018 570 2096 ἐφαίνετο,
602 2020 720 2104 τοιαύτῃ
750 2021 938 2104 πολυμαθείᾳ
968 2019 1000 2081 ἐκ
1030 2021 1147 2081 παίδων

134 2107 317 2189 συνετράφη·
349 2107 463 2188 ἰάμβων
486 2105 518 2169 δὲ
541 2101 581 2188 ἦν
602 2107 726 2187 ποιητὴς
750 2107 872 2181 οὐδενὸς
891 2109 1039 2190 δεύτερος,
1062 2109 1148 2188 φησί,

135 2205 194 2257 τῶν
222 2189 282 2274 μετ’
304 2189 469 2278 Ἀρχίλοχον
491 2207 634 2276 ποιητῶν.
681 2218 758 2277 quae
784 2201 876 2260 rerba
904 2200 929 2259 si
957 2201 1030 2260 setis
1057 2201 1148 2260 habe·

136 2304 222 2346 amus
236 2287 385 2347 monuisse
398 2288 431 2346 in
444 2288 610 2349 Masurium
626 2288 769 2349 Sabinum
783 2289 886 2348 cadere
901 2308 1018 2364 posse,
1035 2287 1148 2348 uberri-

135 2395 216 2434 mum
240 2378 320 2435 certe
343 2377 379 2435 de
403 2377 465 2436 eius
488 2377 587 2438 indole
611 2381 641 2437 et
664 2377 830 2438 eruditione
854 2396 889 2436 ac
909 2378 1045 2437 doctrina
1062 2376 1148 2438 testi-

135 2464 268 2523 monium
285 2466 397 2524 temere
415 2465 587 2525 abiciamus.
620 2464 758 2525 Kaibelio
778 2465 866 2542 enim,
884 2467 949 2525 viro
967 2466 1148 2538 doctissimo,

136 2552 243 2612 editori
261 2553 418 2627 Athenaei,
440 2554 618 2612 credendum
637 2556 682 2613 est
700 2552 849 2612 Athenaei
867 2553 1034 2613 Masurium
1051 2574 1147 2630 neque

135 2641 263 2702 eundem
296 2660 383 2717 quem
414 2640 557 2700 Sabinum
585 2660 698 2718 neque
726 2639 906 2700 diversum
938 2660 1014 2718 esse,
1051 2643 1103 2701 sed
1130 2660 1149 2700 a

135 2730 314 2791 Naucratita
337 2730 421 2789 illam
439 2729 586 2788 maximae
604 2730 684 2789 inter
702 2729 941 2805 dipnosophistas
960 2730 1149 2790 auctoritatis

135 2838 295 2897 personam
333 2819 371 2878 ed
408 2818 635 2879 similitudinem
672 2819 735 2878 eius
772 2835 831 2897 quo
871 2818 989 2896 agimus
1025 2818 1150 2877 Masurii

136 2909 238 2969 fictam
252 2925 324 2968 esse.
349 2908 461 2967 cadunt
475 2906 571 2984 igitur
584 2908 638 2968 illa
651 2907 743 2969 verba
756 2907 788 2966 in
803 2906 947 2967 Sabinum
962 2907 1148 2984 demptisque

135 2998 186 3074 iis,
218 3010 299 3074 quae¹
327 2997 529 3056 abundantiae
557 2997 676 3056 cuidam
703 2996 795 3057 studii
824 3000 915 3074 atque
943 2995 1150 3057 admirationis

136 3086 298 3146 tribuenda
320 3089 400 3162 sunt,
424 3104 478 3162 pro
501 3086 612 3146 iudicio
635 3086 667 3144 in
691 3103 808 3144 summa
831 3085 894 3146 veri
917 3084 1007 3145 simili
1024 3087 1150 3159 possunt

136 3174 248 3234 haberi
278 3178 410 3234 ceterum
427 3173 582 3234 Athenaeo
601 3174 766 3234 Masurium
784 3177 820 3234 ut
837 3173 962 3234 Homeri
980 3176 1145 3233 amatorem

137 3267 169 3321 et
199 3263 432 3324 existimatorem
463 3263 653 3324 obversatum
688 3279 751 3322 esse
783 3262 852 3322 inde
883 3263 1028 3338 conicias,
1064 3262 1145 3339 quod

138 3351 233 3411 oratio
257 3351 381 3411 Masurii
409 3352 564 3412 sententiis
592 3353 630 3412 ab
653 3350 782 3411 Homero
809 3351 913 3428 petitis
937 3351 1050 3412 referta
1072 3343 1145 3412 est.l

210 3543 223 3591 1
243 3539 275 3593 In
293 3538 345 3594 hoc
365 3542 503 3594 commate
522 3537 685 3595 Schroederi
702 3538 795 3594 verbis
815 3556 881 3594 usus
901 3557 971 3595 sum.
