<?xml version="1.0" encoding="UTF-8"?>
<!DOCTYPE html PUBLIC "-//W3C//DTD XHTML 1.0 Transitional//EN"
    "http://www.w3.org/TR/xhtml1/DTD/xhtml1-transitional.dtd">
<html xmlns="http://www.w3.org/1999/xhtml" xml:lang="en" lang="en">
 <head>
  <title>
</title>
<meta http-equiv="Content-Type" content="text/html;charset=utf-8" />
  <meta name='ocr-system' content='tesseract 3.04.00' />
  <meta name='ocr-capabilities' content='ocr_page ocr_carea ocr_par ocr_line ocrx_word'/>
</head>
<body>
  <div class='ocr_page' id='page_1' title='image "./iurisprudentiae04bremgoog_0270.png"; bbox 0 0 2568 3890; ppageno 0'>
   <div class='ocr_carea' id='block_1_1' title="bbox 126 163 1140 232">
    <p class='ocr_par' dir='ltr' id='par_1_1' title="bbox 126 163 1140 232">
     <span class='ocr_line' id='line_1_1' title="bbox 126 163 1140 232; baseline -0.013 0"><span class='ocrx_word' id='word_1_1' title='bbox 126 164 195 232; x_wconf 78' lang='lat'>280</span> <span class='ocrx_word' id='word_1_2' title='bbox 230 167 252 223; x_wconf 91' lang='lat' dir='ltr'>I.</span> <span class='ocrx_word' id='word_1_3' title='bbox 274 164 430 220; x_wconf 79' lang='lat' dir='ltr'><strong>AETATIS</strong></span> <span class='ocrx_word' id='word_1_4' title='bbox 450 163 608 220; x_wconf 78' lang='lat' dir='ltr'>AUGUSTI</span> <span class='ocrx_word' id='word_1_5' title='bbox 624 164 673 219; x_wconf 81' lang='grc' dir='ltr'>ΕΤ</span> <span class='ocrx_word' id='word_1_6' title='bbox 691 163 827 219; x_wconf 83' lang='lat' dir='ltr'><strong>TIBERII</strong></span> <span class='ocrx_word' id='word_1_7' title='bbox 844 163 940 220; x_wconf 73' lang='lat' dir='ltr'>Iocis</span> <span class='ocrx_word' id='word_1_8' title='bbox 959 163 1140 221; x_wconf 73' lang='lat' dir='ltr'>consum</span> 
     </span>
    </p>
   </div>
   <div class='ocr_carea' id='block_1_2' title="bbox 124 327 1141 503">
    <p class='ocr_par' dir='ltr' id='par_1_2' title="bbox 124 327 1141 503">
     <span class='ocr_line' id='line_1_2' title="bbox 124 327 1138 412; baseline -0.001 -17"><span class='ocrx_word' id='word_1_9' title='bbox 124 350 192 395; x_wconf 89' lang='lat' dir='ltr'>non</span> <span class='ocrx_word' id='word_1_10' title='bbox 212 329 287 412; x_wconf 85' lang='lat' dir='ltr'>sint,</span> <span class='ocrx_word' id='word_1_11' title='bbox 303 349 422 394; x_wconf 87' lang='lat' dir='ltr'>nomen</span> <span class='ocrx_word' id='word_1_12' title='bbox 440 333 549 393; x_wconf 88' lang='lat' dir='ltr'>tamen</span> <span class='ocrx_word' id='word_1_13' title='bbox 569 349 679 392; x_wconf 91' lang='lat' dir='ltr'>earum</span> <span class='ocrx_word' id='word_1_14' title='bbox 694 327 827 412; x_wconf 86' lang='lat' dir='ltr'>habere;</span> <span class='ocrx_word' id='word_1_15' title='bbox 846 328 982 393; x_wconf 88' lang='lat' dir='ltr'>alteram</span> <span class='ocrx_word' id='word_1_16' title='bbox 997 349 1035 392; x_wconf 86' lang='lat' dir='ltr'>ex</span> <span class='ocrx_word' id='word_1_17' title='bbox 1050 350 1138 412; x_wconf 85' lang='lat' dir='ltr'>auro,</span> 
     </span>
     <span class='ocr_line' id='line_1_3' title="bbox 127 413 1141 503; baseline 0.002 -21"><span class='ocrx_word' id='word_1_18' title='bbox 127 419 262 482; x_wconf 87' lang='lat' dir='ltr'>alteram</span> <span class='ocrx_word' id='word_1_19' title='bbox 290 439 328 482; x_wconf 86' lang='lat' dir='ltr'>ex</span> <span class='ocrx_word' id='word_1_20' title='bbox 357 422 492 503; x_wconf 83' lang='lat' dir='ltr'>argento</span> <span class='ocrx_word' id='word_1_21' title='bbox 515 416 636 483; x_wconf 88' lang='lat' dir='ltr'>factam</span> <span class='ocrx_word' id='word_1_22' title='bbox 659 416 805 481; x_wconf 81' lang='lat' dir='ltr'>adhiberi</span> <span class='ocrx_word' id='word_1_23' title='bbox 828 416 985 482; x_wconf 90' lang='lat' dir='ltr'>sacrificio</span> <span class='ocrx_word' id='word_1_24' title='bbox 1009 413 1141 484; x_wconf 78' lang='lat' dir='ltr'>Ceriali.</span> 
     </span>
    </p>
   </div>
   <div class='ocr_carea' id='block_1_3' title="bbox 621 595 638 659">
    <p class='ocr_par' dir='ltr' id='par_1_3' title="bbox 621 595 638 659">
     <span class='ocr_line' id='line_1_4' title="bbox 621 595 638 659; baseline 0 0"><span class='ocrx_word' id='word_1_25' title='bbox 621 595 638 659; x_wconf 83' lang='lat'><strong>?</strong></span> 
     </span>
    </p>
   </div>
   <div class='ocr_carea' id='block_1_4' title="bbox 125 708 1141 884">
    <p class='ocr_par' dir='ltr' id='par_1_4' title="bbox 125 708 1141 884">
     <span class='ocr_line' id='line_1_5' title="bbox 215 708 1141 795; baseline 0 -21"><span class='ocrx_word' id='word_1_26' title='bbox 215 708 244 774; x_wconf 85' lang='lat'>5.</span> <span class='ocrx_word' id='word_1_27' title='bbox 270 709 355 775; x_wconf 84' lang='lat' dir='ltr'>Fest.</span> <span class='ocrx_word' id='word_1_28' title='bbox 372 709 449 774; x_wconf 92' lang='lat' dir='ltr'>ibid.</span> <span class='ocrx_word' id='word_1_29' title='bbox 469 747 512 758; x_wconf 93' lang='lat'><em>-</em></span> <span class='ocrx_word' id='word_1_30' title='bbox 531 709 670 774; x_wconf 83' lang='lat' dir='ltr'>Pulcher</span> <span class='ocrx_word' id='word_1_31' title='bbox 688 710 747 774; x_wconf 90' lang='lat' dir='ltr'>bos</span> <span class='ocrx_word' id='word_1_32' title='bbox 767 710 951 795; x_wconf 89' lang='lat' dir='ltr'>appellatur</span> <span class='ocrx_word' id='word_1_33' title='bbox 970 711 1011 776; x_wconf 92' lang='lat' dir='ltr'>ad</span> <span class='ocrx_word' id='word_1_34' title='bbox 1030 711 1141 775; x_wconf 84' lang='lat' dir='ltr'>eximi-</span> 
     </span>
     <span class='ocr_line' id='line_1_6' title="bbox 125 797 669 884; baseline -0.004 -20"><span class='ocrx_word' id='word_1_35' title='bbox 125 821 178 864; x_wconf 91' lang='lat' dir='ltr'>am</span> <span class='ocrx_word' id='word_1_36' title='bbox 201 797 464 884; x_wconf 70' lang='lat' dir='ltr'>pinguitudinem</span> <span class='ocrx_word' id='word_1_37' title='bbox 486 799 669 884; x_wconf 90' lang='lat' dir='ltr'>perductus.</span> 
     </span>
    </p>
   </div>
   <div class='ocr_carea' id='block_1_5' title="bbox 126 916 1142 1083">
    <p class='ocr_par' dir='ltr' id='par_1_5' title="bbox 126 916 1142 1083">
     <span class='ocr_line' id='line_1_7' title="bbox 213 916 1142 997; baseline 0 -18"><span class='ocrx_word' id='word_1_38' title='bbox 213 920 299 979; x_wconf 88' lang='lat' dir='ltr'>Hanc</span> <span class='ocrx_word' id='word_1_39' title='bbox 340 937 457 997; x_wconf 85' lang='lat' dir='ltr'>quoque</span> <span class='ocrx_word' id='word_1_40' title='bbox 498 920 630 997; x_wconf 76' lang='lat' dir='ltr'><strong>glossam</strong></span> <span class='ocrx_word' id='word_1_41' title='bbox 672 916 811 994; x_wconf 78' lang='lat' dir='ltr'>Capitoni</span> <span class='ocrx_word' id='word_1_42' title='bbox 847 919 1036 979; x_wconf 88' lang='lat' dir='ltr'>tribuendam</span> <span class='ocrx_word' id='word_1_43' title='bbox 1073 938 1142 980; x_wconf 91' lang='lat' dir='ltr'>esse</span> 
     </span>
     <span class='ocr_line' id='line_1_8' title="bbox 126 1007 650 1083; baseline -0.004 -15"><span class='ocrx_word' id='word_1_44' title='bbox 126 1007 327 1069; x_wconf 77' lang='lat' dir='ltr'>Reitzenstein</span> <span class='ocrx_word' id='word_1_45' title='bbox 346 1010 366 1068; x_wconf 89' lang='lat' dir='ltr'>l.</span> <span class='ocrx_word' id='word_1_46' title='bbox 384 1027 408 1068; x_wconf 90' lang='lat' dir='ltr'>o.</span> <span class='ocrx_word' id='word_1_47' title='bbox 427 1027 456 1083; x_wconf 90' lang='lat' dir='ltr'>p.</span> <span class='ocrx_word' id='word_1_48' title='bbox 477 1011 517 1069; x_wconf 82' lang='lat'>29</span> <span class='ocrx_word' id='word_1_49' title='bbox 540 1010 650 1068; x_wconf 88' lang='lat' dir='ltr'>monet.</span> 
     </span>
    </p>
   </div>
   <div class='ocr_carea' id='block_1_6' title="bbox 400 1175 862 1247">
    <p class='ocr_par' dir='ltr' id='par_1_6' title="bbox 400 1175 862 1247">
     <span class='ocr_line' id='line_1_9' title="bbox 400 1175 862 1247; baseline -0.002 -14"><span class='ocrx_word' id='word_1_50' title='bbox 400 1177 444 1233; x_wconf 91' lang='lat' dir='ltr'>De</span> <span class='ocrx_word' id='word_1_51' title='bbox 460 1177 596 1245; x_wconf 70' lang='lat' dir='ltr'>sacrificio</span> <span class='ocrx_word' id='word_1_52' title='bbox 614 1177 701 1247; x_wconf 68' lang='lat' dir='ltr'>oeulis</span> <span class='ocrx_word' id='word_1_53' title='bbox 721 1175 862 1232; x_wconf 75' lang='lat' dir='ltr'>Claudiae.</span> 
     </span>
    </p>
   </div>
   <div class='ocr_carea' id='block_1_7' title="bbox 126 1277 1143 1453">
    <p class='ocr_par' dir='ltr' id='par_1_7' title="bbox 126 1277 1143 1453">
     <span class='ocr_line' id='line_1_10' title="bbox 216 1277 1142 1363; baseline -0.003 -17"><span class='ocrx_word' id='word_1_54' title='bbox 216 1280 245 1346; x_wconf 88' lang='grc'>6.</span> <span class='ocrx_word' id='word_1_55' title='bbox 278 1277 361 1343; x_wconf 85' lang='lat' dir='ltr'>Fest.</span> <span class='ocrx_word' id='word_1_56' title='bbox 385 1277 461 1344; x_wconf 89' lang='lat' dir='ltr'>ibid.</span> <span class='ocrx_word' id='word_1_57' title='bbox 494 1314 532 1325; x_wconf 98' lang='lat'>-</span> <span class='ocrx_word' id='word_1_58' title='bbox 566 1277 789 1360; x_wconf 82' lang='lat' dir='ltr'>Propude&#39;auus</span> <span class='ocrx_word' id='word_1_59' title='bbox 815 1297 929 1360; x_wconf 75' lang='lat' dir='ltr'>paruos</span> <span class='ocrx_word' id='word_1_60' title='bbox 959 1279 1058 1343; x_wconf 76' lang='lat' dir='ltr'>dietus</span> <span class='ocrx_word' id='word_1_61' title='bbox 1088 1283 1142 1363; x_wconf 82' lang='lat' dir='ltr'>est,</span> 
     </span>
     <span class='ocr_line' id='line_1_11' title="bbox 126 1363 1143 1453; baseline -0.001 -20"><span class='ocrx_word' id='word_1_62' title='bbox 126 1372 163 1433; x_wconf 90' lang='lat' dir='ltr'>ut</span> <span class='ocrx_word' id='word_1_63' title='bbox 191 1369 237 1434; x_wconf 86' lang='lat' dir='ltr'>ait</span> <span class='ocrx_word' id='word_1_64' title='bbox 261 1365 378 1453; x_wconf 81' lang='lat' dir='ltr'>Capito</span> <span class='ocrx_word' id='word_1_65' title='bbox 403 1367 531 1445; x_wconf 86' lang='lat' dir='ltr'>Ateius,</span> <span class='ocrx_word' id='word_1_66' title='bbox 559 1369 613 1450; x_wconf 79' lang='lat' dir='ltr'>qui</span> <span class='ocrx_word' id='word_1_67' title='bbox 641 1368 675 1432; x_wconf 83' lang='lat' dir='ltr'>iu</span> <span class='ocrx_word' id='word_1_68' title='bbox 697 1367 847 1449; x_wconf 73' lang='lat' dir='ltr'>sacrificio</span> <span class='ocrx_word' id='word_1_69' title='bbox 867 1367 967 1449; x_wconf 70' lang='lat' dir='ltr'>paules</span> <span class='ocrx_word' id='word_1_70' title='bbox 990 1363 1143 1432; x_wconf 77' lang='lat' dir='ltr'>Claudiae</span> 
     </span>
    </p>
   </div>
   <div class='ocr_carea' id='block_1_8' title="bbox 125 1456 1141 1613">
    <p class='ocr_par' dir='ltr' id='par_1_8' title="bbox 125 1456 1141 1613">
     <span class='ocr_line' id='line_1_12' title="bbox 125 1456 1141 1610; baseline -0.002 -88"><span class='ocrx_word' id='word_1_71' title='bbox 125 1459 208 1561; x_wconf 77' lang='lat' dir='ltr'>uelut</span> <span class='ocrx_word' id='word_1_72' title='bbox 237 1460 431 1610; x_wconf 70' lang='lat' dir='ltr'>piamentum</span> <span class='ocrx_word' id='word_1_73' title='bbox 464 1461 494 1521; x_wconf 83' lang='lat' dir='ltr'>el</span> <span class='ocrx_word' id='word_1_74' title='bbox 522 1457 668 1521; x_wconf 72' lang='lat' dir='ltr'>exsolutio</span> <span class='ocrx_word' id='word_1_75' title='bbox 700 1457 801 1521; x_wconf 78' lang='lat' dir='ltr'>amuis</span> <span class='ocrx_word' id='word_1_76' title='bbox 833 1459 1004 1521; x_wconf 70' lang='lat' dir='ltr'>contactae</span> <span class='ocrx_word' id='word_1_77' title='bbox 1037 1456 1141 1539; x_wconf 51' lang='lat' dir='ltr'>cellule</span> 
     </span>
     <span class='ocr_line' id='line_1_13' title="bbox 125 1566 266 1613; baseline -0.014 0"><span class='ocrx_word' id='word_1_78' title='bbox 125 1566 194 1613; x_wconf 83' lang='lat' dir='ltr'>oues</span> <span class='ocrx_word' id='word_1_79' title='bbox 216 1567 266 1612; x_wconf 85' lang='lat' dir='ltr'>es.</span> 
     </span>
    </p>
   </div>
   <div class='ocr_carea' id='block_1_9' title="bbox 422 1699 932 1779">
    <p class='ocr_par' dir='ltr' id='par_1_9' title="bbox 422 1699 932 1779">
     <span class='ocr_line' id='line_1_14' title="bbox 422 1699 932 1779; baseline 0 -20"><span class='ocrx_word' id='word_1_80' title='bbox 422 1699 459 1763; x_wconf 86' lang='lat' dir='ltr'>V.</span> <span class='ocrx_word' id='word_1_81' title='bbox 488 1701 537 1760; x_wconf 89' lang='lat' dir='ltr'>De</span> <span class='ocrx_word' id='word_1_82' title='bbox 560 1701 638 1761; x_wconf 89' lang='lat' dir='ltr'>iure</span> <span class='ocrx_word' id='word_1_83' title='bbox 662 1699 841 1779; x_wconf 87' lang='lat' dir='ltr'>augurali.</span> <span class='ocrx_word' id='word_1_84' title='bbox 929 1743 932 1751; x_wconf 38' lang='grc' dir='ltr'>ι</span> 
     </span>
    </p>
   </div>
   <div class='ocr_carea' id='block_1_10' title="bbox 125 1823 1186 2331">
    <p class='ocr_par' dir='ltr' id='par_1_10' title="bbox 125 1823 1186 2331">
     <span class='ocr_line' id='line_1_15' title="bbox 215 1823 1142 1904; baseline -0.001 -20"><span class='ocrx_word' id='word_1_85' title='bbox 215 1828 259 1887; x_wconf 93' lang='lat' dir='ltr'>De</span> <span class='ocrx_word' id='word_1_86' title='bbox 282 1827 338 1886; x_wconf 84' lang='lat' dir='ltr'>hac</span> <span class='ocrx_word' id='word_1_87' title='bbox 360 1844 529 1904; x_wconf 85' lang='lat' dir='ltr'>quoquere</span> <span class='ocrx_word' id='word_1_88' title='bbox 548 1823 725 1902; x_wconf 82' lang='lat' dir='ltr'>Capitonem</span> <span class='ocrx_word' id='word_1_89' title='bbox 744 1825 898 1901; x_wconf 78' lang='lat' dir='ltr'>scripsisse</span> <span class='ocrx_word' id='word_1_90' title='bbox 918 1824 1052 1884; x_wconf 84' lang='lat' dir='ltr'>indicant</span> <span class='ocrx_word' id='word_1_91' title='bbox 1069 1844 1142 1885; x_wconf 89' lang='lat' dir='ltr'>non·</span> 
     </span>
     <span class='ocr_line' id='line_1_16' title="bbox 125 1913 1142 1992; baseline -0.001 -18"><span class='ocrx_word' id='word_1_92' title='bbox 125 1915 212 1976; x_wconf 88' lang='lat' dir='ltr'>nulla</span> <span class='ocrx_word' id='word_1_93' title='bbox 234 1916 405 1992; x_wconf 82' lang='lat' dir='ltr'>fragmenta</span> <span class='ocrx_word' id='word_1_94' title='bbox 427 1933 464 1973; x_wconf 86' lang='lat' dir='ltr'>ex</span> <span class='ocrx_word' id='word_1_95' title='bbox 484 1914 568 1973; x_wconf 89' lang='lat' dir='ltr'>libris</span> <span class='ocrx_word' id='word_1_96' title='bbox 588 1915 652 1974; x_wconf 89' lang='lat' dir='ltr'>eius</span> <span class='ocrx_word' id='word_1_97' title='bbox 670 1915 702 1973; x_wconf 91' lang='lat' dir='ltr'>in</span> <span class='ocrx_word' id='word_1_98' title='bbox 720 1913 811 1973; x_wconf 89' lang='lat' dir='ltr'>libros</span> <span class='ocrx_word' id='word_1_99' title='bbox 831 1915 867 1973; x_wconf 89' lang='lat' dir='ltr'>de</span> <span class='ocrx_word' id='word_1_100' title='bbox 886 1913 1056 1992; x_wconf 83' lang='lat' dir='ltr'>significatu</span> <span class='ocrx_word' id='word_1_101' title='bbox 1073 1933 1142 1973; x_wconf 84' lang='lat' dir='ltr'>rer·</span> 
     </span>
     <span class='ocr_line' id='line_1_17' title="bbox 126 2002 1142 2080; baseline 0.001 -16"><span class='ocrx_word' id='word_1_102' title='bbox 126 2004 233 2064; x_wconf 86' lang='lat' dir='ltr'>borum</span> <span class='ocrx_word' id='word_1_103' title='bbox 248 2023 266 2062; x_wconf 92' lang='lat' dir='ltr'>a</span> <span class='ocrx_word' id='word_1_104' title='bbox 279 2003 386 2063; x_wconf 91' lang='lat' dir='ltr'>Verrio</span> <span class='ocrx_word' id='word_1_105' title='bbox 401 2004 507 2062; x_wconf 77' lang='lat' dir='ltr'>Flacco</span> <span class='ocrx_word' id='word_1_106' title='bbox 524 2005 653 2079; x_wconf 85' lang='lat' dir='ltr'>recepta.</span> <span class='ocrx_word' id='word_1_107' title='bbox 677 2002 713 2062; x_wconf 87' lang='lat' dir='ltr'>cf.</span> <span class='ocrx_word' id='word_1_108' title='bbox 723 2002 929 2062; x_wconf 84' lang='lat' dir='ltr'>Reitzenstein</span> <span class='ocrx_word' id='word_1_109' title='bbox 942 2005 962 2062; x_wconf 86' lang='lat'>1.</span> <span class='ocrx_word' id='word_1_110' title='bbox 972 2021 996 2064; x_wconf 94' lang='lat' dir='ltr'>c.</span> <span class='ocrx_word' id='word_1_111' title='bbox 1004 2023 1034 2080; x_wconf 92' lang='lat' dir='ltr'>p.</span> <span class='ocrx_word' id='word_1_112' title='bbox 1046 2004 1088 2062; x_wconf 82' lang='lat'>50</span> <span class='ocrx_word' id='word_1_113' title='bbox 1097 2021 1142 2080; x_wconf 92' lang='lat' dir='ltr'>sq.</span> 
     </span>
     <span class='ocr_line' id='line_1_18' title="bbox 126 2086 1142 2169; baseline -0.001 -18"><span class='ocrx_word' id='word_1_114' title='bbox 126 2093 158 2151; x_wconf 92' lang='lat' dir='ltr'>in</span> <span class='ocrx_word' id='word_1_115' title='bbox 191 2092 280 2151; x_wconf 89' lang='lat' dir='ltr'>stella</span> <span class='ocrx_word' id='word_1_116' title='bbox 310 2091 538 2168; x_wconf 86' lang='lat' dir='ltr'>interpretanda</span> <span class='ocrx_word' id='word_1_117' title='bbox 567 2090 600 2150; x_wconf 91' lang='lat' dir='ltr'>P.</span> <span class='ocrx_word' id='word_1_118' title='bbox 627 2086 736 2150; x_wconf 83' lang='lat' dir='ltr'>Servili</span> <span class='ocrx_word' id='word_1_119' title='bbox 768 2091 892 2169; x_wconf 83' lang='lat' dir='ltr'>auguris</span> <span class='ocrx_word' id='word_1_120' title='bbox 929 2091 1142 2151; x_wconf 84' lang='lat' dir='ltr'>auctoritatem</span> 
     </span>
     <span class='ocr_line' id='line_1_19' title="bbox 128 2174 1186 2262; baseline -0.002 -20"><span class='ocrx_word' id='word_1_121' title='bbox 128 2184 249 2242; x_wconf 87' lang='lat' dir='ltr'>secutus</span> <span class='ocrx_word' id='word_1_122' title='bbox 273 2199 337 2240; x_wconf 90' lang='lat' dir='ltr'>asse</span> <span class='ocrx_word' id='word_1_123' title='bbox 361 2180 478 2257; x_wconf 87' lang='lat' dir='ltr'>dicitur,</span> <span class='ocrx_word' id='word_1_124' title='bbox 501 2180 639 2256; x_wconf 88' lang='lat' dir='ltr'>idemque</span> <span class='ocrx_word' id='word_1_125' title='bbox 657 2179 691 2239; x_wconf 87' lang='lat' dir='ltr'>L.</span> <span class='ocrx_word' id='word_1_126' title='bbox 711 2178 847 2239; x_wconf 80' lang='lat' dir='ltr'>(lassaris</span> <span class='ocrx_word' id='word_1_127' title='bbox 865 2180 950 2240; x_wconf 91' lang='lat' dir='ltr'>libris</span> <span class='ocrx_word' id='word_1_128' title='bbox 974 2174 1004 2260; x_wconf 81' lang='grc' dir='ltr'>(Ι</span> <span class='ocrx_word' id='word_1_129' title='bbox 1017 2200 1044 2257; x_wconf 93' lang='lat' dir='ltr'>p.</span> <span class='ocrx_word' id='word_1_130' title='bbox 1062 2174 1144 2262; x_wconf 80' lang='lat'>106)</span> <span class='ocrx_word' id='word_1_131' title='bbox 1185 2247 1186 2251; x_wconf 37' lang='lat'>,</span> 
     </span>
     <span class='ocr_line' id='line_1_20' title="bbox 126 2269 437 2331; baseline -0.013 0"><span class='ocrx_word' id='word_1_132' title='bbox 126 2269 248 2331; x_wconf 82' lang='lat' dir='ltr'>ridetur</span> <span class='ocrx_word' id='word_1_133' title='bbox 269 2288 342 2329; x_wconf 89' lang='lat' dir='ltr'>usus</span> <span class='ocrx_word' id='word_1_134' title='bbox 365 2287 437 2328; x_wconf 92' lang='lat' dir='ltr'>assa.</span> 
     </span>
    </p>
   </div>
   <div class='ocr_carea' id='block_1_11' title="bbox 128 2375 1142 2820">
    <p class='ocr_par' dir='ltr' id='par_1_11' title="bbox 128 2375 1142 2820">
     <span class='ocr_line' id='line_1_21' title="bbox 219 2375 1142 2464; baseline 0.001 -20"><span class='ocrx_word' id='word_1_135' title='bbox 219 2381 247 2444; x_wconf 91' lang='lat'>1.</span> <span class='ocrx_word' id='word_1_136' title='bbox 270 2377 296 2442; x_wconf 88' lang='lat' dir='ltr'>F</span> <span class='ocrx_word' id='word_1_137' title='bbox 297 2384 357 2444; x_wconf 89' lang='lat' dir='ltr'>est.</span> <span class='ocrx_word' id='word_1_138' title='bbox 374 2401 406 2464; x_wconf 90' lang='lat' dir='ltr'>p.</span> <span class='ocrx_word' id='word_1_139' title='bbox 421 2375 508 2443; x_wconf 68' lang='lat'>351⁸.</span> <span class='ocrx_word' id='word_1_140' title='bbox 530 2415 568 2424; x_wconf 93' lang='lat'><em>-</em></span> <span class='ocrx_word' id='word_1_141' title='bbox 591 2375 725 2443; x_wconf 84' lang='lat' dir='ltr'>Stellam</span> <span class='ocrx_word' id='word_1_142' title='bbox 750 2379 931 2464; x_wconf 81' lang='lat' dir='ltr'>significare</span> <span class='ocrx_word' id='word_1_143' title='bbox 956 2379 1003 2444; x_wconf 88' lang='lat' dir='ltr'>ait</span> <span class='ocrx_word' id='word_1_144' title='bbox 1025 2379 1142 2445; x_wconf 83' lang='lat' dir='ltr'>Ateius</span> 
     </span>
     <span class='ocr_line' id='line_1_22' title="bbox 128 2465 1142 2553; baseline 0.001 -21"><span class='ocrx_word' id='word_1_145' title='bbox 128 2465 245 2552; x_wconf 82' lang='lat' dir='ltr'>(lapito</span> <span class='ocrx_word' id='word_1_146' title='bbox 269 2467 391 2533; x_wconf 89' lang='lat' dir='ltr'>laetam</span> <span class='ocrx_word' id='word_1_147' title='bbox 410 2472 443 2532; x_wconf 90' lang='lat' dir='ltr'>et</span> <span class='ocrx_word' id='word_1_148' title='bbox 460 2489 651 2552; x_wconf 79' lang='lat' dir='ltr'>prosperum</span> <span class='ocrx_word' id='word_1_149' title='bbox 671 2466 895 2553; x_wconf 75' lang='lat' dir='ltr'>(auspicium)</span> <span class='ocrx_word' id='word_1_150' title='bbox 914 2469 1142 2533; x_wconf 87' lang='lat' dir='ltr'>auctoritatem</span> 
     </span>
     <span class='ocr_line' id='line_1_23' title="bbox 128 2555 1142 2642; baseline 0 -20"><span class='ocrx_word' id='word_1_151' title='bbox 128 2562 257 2623; x_wconf 87' lang='lat' dir='ltr'>secutus</span> <span class='ocrx_word' id='word_1_152' title='bbox 285 2556 319 2622; x_wconf 93' lang='lat' dir='ltr'>P.</span> <span class='ocrx_word' id='word_1_153' title='bbox 344 2555 458 2623; x_wconf 81' lang='lat' dir='ltr'>Servili</span> <span class='ocrx_word' id='word_1_154' title='bbox 488 2557 628 2642; x_wconf 83' lang='lat' dir='ltr'>auguris.</span> <span class='ocrx_word' id='word_1_155' title='bbox 673 2556 785 2640; x_wconf 84' lang='lat' dir='ltr'>&lt;cuius</span> <span class='ocrx_word' id='word_1_156' title='bbox 813 2556 861 2622; x_wconf 92' lang='lat' dir='ltr'>rei</span> <span class='ocrx_word' id='word_1_157' title='bbox 889 2557 1043 2622; x_wconf 90' lang='lat' dir='ltr'>indicium</span> <span class='ocrx_word' id='word_1_158' title='bbox 1071 2577 1142 2622; x_wconf 89' lang='lat' dir='ltr'>esse</span> 
     </span>
     <span class='ocr_line' id='line_1_24' title="bbox 128 2645 1142 2733; baseline -0.001 -22"><span class='ocrx_word' id='word_1_159' title='bbox 128 2647 223 2731; x_wconf 85' lang='lat' dir='ltr'>eam&gt;</span> <span class='ocrx_word' id='word_1_160' title='bbox 251 2645 392 2726; x_wconf 89' lang='lat' dir='ltr'>stellam,</span> <span class='ocrx_word' id='word_1_161' title='bbox 421 2667 502 2733; x_wconf 89' lang='lat' dir='ltr'>quae</span> <span class='ocrx_word' id='word_1_162' title='bbox 530 2668 569 2711; x_wconf 88' lang='lat' dir='ltr'>ex</span> <span class='ocrx_word' id='word_1_163' title='bbox 591 2646 721 2712; x_wconf 89' lang='lat' dir='ltr'>lamella</span> <span class='ocrx_word' id='word_1_164' title='bbox 747 2668 841 2711; x_wconf 90' lang='lat' dir='ltr'>aerea</span> <span class='ocrx_word' id='word_1_165' title='bbox 863 2645 1005 2711; x_wconf 83' lang='lat' dir='ltr'>adsimili</span> <span class='ocrx_word' id='word_1_166' title='bbox 1027 2646 1142 2710; x_wconf 87' lang='lat' dir='ltr'>stellae</span> 
     </span>
     <span class='ocr_line' id='line_1_25' title="bbox 128 2734 620 2820; baseline 0.004 -22"><span class='ocrx_word' id='word_1_167' title='bbox 128 2736 209 2801; x_wconf 89' lang='lat' dir='ltr'>locis</span> <span class='ocrx_word' id='word_1_168' title='bbox 232 2735 434 2820; x_wconf 81' lang='lat' dir='ltr'>inauguratis</span> <span class='ocrx_word' id='word_1_169' title='bbox 459 2734 620 2820; x_wconf 79' lang='lat' dir='ltr'>infigatur.</span> 
     </span>
    </p>
   </div>
   <div class='ocr_carea' id='block_1_12' title="bbox 217 2855 1142 2931">
    <p class='ocr_par' dir='ltr' id='par_1_12' title="bbox 217 2855 1142 2931">
     <span class='ocr_line' id='line_1_26' title="bbox 217 2855 1142 2931; baseline -0.001 -16"><span class='ocrx_word' id='word_1_170' title='bbox 217 2856 295 2916; x_wconf 89' lang='lat' dir='ltr'>Utor</span> <span class='ocrx_word' id='word_1_171' title='bbox 315 2856 483 2916; x_wconf 77' lang='lat' dir='ltr'>recensione</span> <span class='ocrx_word' id='word_1_172' title='bbox 503 2873 521 2913; x_wconf 90' lang='lat' dir='ltr'>a</span> <span class='ocrx_word' id='word_1_173' title='bbox 538 2855 809 2915; x_wconf 83' lang='lat' dir='ltr'>Reitzensteiniol.</span> <span class='ocrx_word' id='word_1_174' title='bbox 829 2874 852 2915; x_wconf 93' lang='lat' dir='ltr'>c.</span> <span class='ocrx_word' id='word_1_175' title='bbox 871 2874 900 2930; x_wconf 88' lang='lat' dir='ltr'>p</span> <span class='ocrx_word' id='word_1_176' title='bbox 916 2857 955 2914; x_wconf 84' lang='lat'>51</span> <span class='ocrx_word' id='word_1_177' title='bbox 977 2856 1142 2931; x_wconf 86' lang='lat' dir='ltr'>proposita.</span> 
     </span>
    </p>
   </div>
   <div class='ocr_carea' id='block_1_13' title="bbox 130 2962 1143 3496">
    <p class='ocr_par' dir='ltr' id='par_1_13' title="bbox 130 2962 1143 3496">
     <span class='ocr_line' id='line_1_27' title="bbox 218 2962 1142 3053; baseline 0 -22"><span class='ocrx_word' id='word_1_178' title='bbox 218 2967 247 3032; x_wconf 79' lang='lat'>2.</span> <span class='ocrx_word' id='word_1_179' title='bbox 275 2965 364 3030; x_wconf 80' lang='lat' dir='ltr'>Fest</span> <span class='ocrx_word' id='word_1_180' title='bbox 382 2964 523 3029; x_wconf 92' lang='lat' dir='ltr'>ibid-</span> <span class='ocrx_word' id='word_1_181' title='bbox 553 2962 766 3029; x_wconf 81' lang='lat' dir='ltr'>Sinistrum</span> <span class='ocrx_word' id='word_1_182' title='bbox 756 2987 792 3028; x_wconf 92' lang='grc' dir='ltr'>ιιι</span> <span class='ocrx_word' id='word_1_183' title='bbox 819 2966 1016 3048; x_wconf 89' lang='lat' dir='ltr'>auspicando</span> <span class='ocrx_word' id='word_1_184' title='bbox 1044 2966 1142 3053; x_wconf 81' lang='lat' dir='ltr'>signi·</span> 
     </span>
     <span class='ocr_line' id='line_1_28' title="bbox 130 3050 1142 3140; baseline -0.001 -20"><span class='ocrx_word' id='word_1_185' title='bbox 130 3057 225 3120; x_wconf 89' lang='lat' dir='ltr'>ficare</span> <span class='ocrx_word' id='word_1_186' title='bbox 254 3055 301 3119; x_wconf 86' lang='lat' dir='ltr'>ait</span> <span class='ocrx_word' id='word_1_187' title='bbox 323 3052 438 3119; x_wconf 59' lang='lat' dir='ltr'>utlaius</span> <span class='ocrx_word' id='word_1_188' title='bbox 462 3050 579 3137; x_wconf 84' lang='lat' dir='ltr'>Capito</span> <span class='ocrx_word' id='word_1_189' title='bbox 607 3053 674 3117; x_wconf 89' lang='lat' dir='ltr'>laet</span> <span class='ocrx_word' id='word_1_190' title='bbox 660 3057 730 3118; x_wconf 89' lang='lat' dir='ltr'>tum</span> <span class='ocrx_word' id='word_1_191' title='bbox 760 3057 792 3118; x_wconf 91' lang='lat' dir='ltr'>et</span> <span class='ocrx_word' id='word_1_192' title='bbox 819 3076 1009 3138; x_wconf 90' lang='lat' dir='ltr'>prosperum</span> <span class='ocrx_word' id='word_1_193' title='bbox 1033 3055 1142 3140; x_wconf 88' lang='lat' dir='ltr'>auspi-</span> 
     </span>
     <span class='ocr_line' id='line_1_29' title="bbox 130 3141 1142 3230; baseline -0.001 -20"><span class='ocrx_word' id='word_1_194' title='bbox 130 3146 224 3228; x_wconf 81' lang='lat' dir='ltr'>cium,</span> <span class='ocrx_word' id='word_1_195' title='bbox 248 3146 283 3209; x_wconf 88' lang='lat' dir='ltr'>at</span> <span class='ocrx_word' id='word_1_196' title='bbox 306 3143 412 3208; x_wconf 89' lang='lat' dir='ltr'>silent&#39;</span> <span class='ocrx_word' id='word_1_197' title='bbox 402 3165 479 3226; x_wconf 81' lang='lat' dir='ltr'>rum,</span> <span class='ocrx_word' id='word_1_198' title='bbox 503 3142 558 3207; x_wconf 92' lang='lat' dir='ltr'>ubi</span> <span class='ocrx_word' id='word_1_199' title='bbox 581 3141 752 3207; x_wconf 83' lang='lat' dir='ltr'>dumtaxat</span> <span class='ocrx_word' id='word_1_200' title='bbox 774 3147 870 3208; x_wconf 84' lang='lat' dir='ltr'>uacat</span> <span class='ocrx_word' id='word_1_201' title='bbox 892 3143 984 3208; x_wconf 91' lang='lat' dir='ltr'>uitio.</span> <span class='ocrx_word' id='word_1_202' title='bbox 1026 3145 1142 3230; x_wconf 78' lang='lat' dir='ltr'>[igitur</span> 
     </span>
     <span class='ocr_line' id='line_1_30' title="bbox 131 3230 1143 3318; baseline 0.001 -22"><span class='ocrx_word' id='word_1_203' title='bbox 131 3233 237 3299; x_wconf 89' lang='lat' dir='ltr'>silent&#39;</span> <span class='ocrx_word' id='word_1_204' title='bbox 213 3239 259 3299; x_wconf 82' lang='lat' dir='ltr'>tro</span> <span class='ocrx_word' id='word_1_205' title='bbox 279 3253 410 3318; x_wconf 84' lang='lat' dir='ltr'>surgere</span> <span class='ocrx_word' id='word_1_206' title='bbox 430 3254 502 3297; x_wconf 93' lang='lat' dir='ltr'>cum</span> <span class='ocrx_word' id='word_1_207' title='bbox 521 3230 647 3316; x_wconf 87' lang='lat' dir='ltr'>dicitur,</span> <span class='ocrx_word' id='word_1_208' title='bbox 666 3230 829 3316; x_wconf 81' lang='lat' dir='ltr'>significat</span> <span class='ocrx_word' id='word_1_209' title='bbox 847 3253 912 3296; x_wconf 91' lang='lat' dir='ltr'>non</span> <span class='ocrx_word' id='word_1_210' title='bbox 930 3232 1143 3318; x_wconf 84' lang='lat' dir='ltr'>interpellari,</span> 
     </span>
     <span class='ocr_line' id='line_1_31' title="bbox 132 3319 1142 3407; baseline 0.002 -21"><span class='ocrx_word' id='word_1_211' title='bbox 132 3344 195 3405; x_wconf 91' lang='lat' dir='ltr'>quo</span> <span class='ocrx_word' id='word_1_212' title='bbox 224 3322 329 3387; x_wconf 89' lang='lat' dir='ltr'>minus</span> <span class='ocrx_word' id='word_1_213' title='bbox 357 3342 425 3385; x_wconf 88' lang='lat' dir='ltr'>rem</span> <span class='ocrx_word' id='word_1_214' title='bbox 453 3325 558 3406; x_wconf 80' lang='lat' dir='ltr'>gerat3</span> <span class='ocrx_word' id='word_1_215' title='bbox 591 3324 625 3385; x_wconf 87' lang='lat' dir='ltr'>at</span> <span class='ocrx_word' id='word_1_216' title='bbox 653 3321 833 3405; x_wconf 87' lang='lat' dir='ltr'>sinistrum,</span> <span class='ocrx_word' id='word_1_217' title='bbox 863 3319 989 3386; x_wconf 87' lang='lat' dir='ltr'>hortari</span> <span class='ocrx_word' id='word_1_218' title='bbox 1015 3343 1142 3407; x_wconf 90' lang='lat' dir='ltr'>quoque</span> 
     </span>
     <span class='ocr_line' id='line_1_32' title="bbox 132 3409 1142 3496; baseline 0.002 -22"><span class='ocrx_word' id='word_1_219' title='bbox 132 3409 276 3494; x_wconf 88' lang='lat' dir='ltr'>auspicia</span> <span class='ocrx_word' id='word_1_220' title='bbox 303 3410 344 3474; x_wconf 92' lang='lat' dir='ltr'>ad</span> <span class='ocrx_word' id='word_1_221' title='bbox 371 3409 544 3494; x_wconf 77' lang='lat' dir='ltr'>agendum,</span> <span class='ocrx_word' id='word_1_222' title='bbox 575 3410 659 3495; x_wconf 89' lang='lat' dir='ltr'>quod</span> <span class='ocrx_word' id='word_1_223' title='bbox 684 3410 792 3475; x_wconf 87' lang='lat' dir='ltr'>animo</span> <span class='ocrx_word' id='word_1_224' title='bbox 817 3410 888 3496; x_wconf 91' lang='lat' dir='ltr'>quis</span> <span class='ocrx_word' id='word_1_225' title='bbox 911 3413 1142 3494; x_wconf 66' lang='lat' dir='ltr'>proposuerit}</span> 
     </span>
    </p>
   </div>
   <div class='ocr_carea' id='block_1_14' title="bbox 219 3529 834 3591">
    <p class='ocr_par' dir='ltr' id='par_1_14' title="bbox 219 3529 834 3591">
     <span class='ocr_line' id='line_1_33' title="bbox 219 3529 834 3591; baseline 0.003 -3"><span class='ocrx_word' id='word_1_226' title='bbox 219 3529 340 3590; x_wconf 90' lang='lat' dir='ltr'>Inclusa</span> <span class='ocrx_word' id='word_1_227' title='bbox 361 3530 454 3591; x_wconf 83' lang='lat' dir='ltr'>rerba</span> <span class='ocrx_word' id='word_1_228' title='bbox 475 3529 576 3589; x_wconf 86' lang='lat' dir='ltr'>Verrii</span> <span class='ocrx_word' id='word_1_229' title='bbox 597 3529 739 3591; x_wconf 84' lang='lat' dir='ltr'>ridentur</span> <span class='ocrx_word' id='word_1_230' title='bbox 761 3548 834 3591; x_wconf 89' lang='lat' dir='ltr'>asse.</span> 
     </span>
    </p>
   </div>
   <div class='ocr_carea' id='block_1_15' title="bbox 0 0 1296 3890">
    <p class='ocr_par' dir='ltr' id='par_1_15' title="bbox 0 0 1296 3890">
     <span class='ocr_line' id='line_1_34' title="bbox 0 0 1296 3890; baseline 0 0"><span class='ocrx_word' id='word_1_231' title='bbox 0 0 1296 3890; x_wconf 95' lang='lat' dir='ltr'> </span> 
     </span>
    </p>
   </div>
  </div>
 </body>
</html>
