2512 3888
158 148 225 213 416
262 148 296 203 ΙΙ.
323 147 391 205 ΤΙΒ.
411 146 487 204 GAII
510 146 639 205 caluo.
663 146 800 205 NERON.
818 146 926 205 ΤΕΜΡ.
948 147 1046 204 IURIS
1070 148 1173 206 UONS.

387 339 389 345 ’
486 328 517 367 Dc
530 331 649 368 casamento
662 330 731 370 verbis
741 329 848 380 sariendo.

249 421 356 500 Itaque
388 424 602 481 testamentum
633 423 872 500 nuncupativum
903 424 960 483 hoc
990 423 1053 484 fere
1084 425 1170 484 modo

159 510 226 570 fieri
244 510 372 571 Sabinus
396 511 578 588 generaliter
600 512 770 588 exposuisse
789 511 863 571 mihi
881 511 1016 572 uidetur:
1038 512 1170 573 familiae

160 600 380 676 mancipatione
407 602 529 676 peracta
556 617 574 658 a
601 603 745 661 testatore
770 601 910 661 heredem
937 601 1064 662 solemni
1091 621 1171 662 more

158 688 292 762 institui,
326 689 428 767 legata
459 693 492 748 et
522 688 679 748 libertates
711 690 856 768 relinqui,
887 690 974 750 uxori
1006 693 1038 750 et
1070 690 1171 751 liberis

160 781 292 837 tutorem
315 778 389 838 dari.
1126 795 1142 837 a

428 915 459 954 De
472 917 592 954 tetamento
602 925 644 964 per
656 915 787 964 scripturam
795 915 904 965 faciendo.

249 1009 294 1069 De
326 1009 382 1068 hoc
413 1012 596 1069 testamento
628 1009 702 1069 satis
733 1011 860 1070 constat.
902 1008 983 1087 qnod
1013 1009 1067 1087 qni
1098 1011 1171 1070 facit

159 1100 392 1174 testamentum,
419 1102 580 1175 postquam
606 1098 726 1158 tabulas
750 1098 924 1158 testamenti
946 1099 996 1160 rel
1019 1099 1171 1175 scripserit

117 1217 120 1226 ·
159 1187 209 1248 vel
235 1185 378 1246 scribenti
404 1185 575 1262 dictaverit,
607 1187 662 1246 has
688 1190 793 1246 tenens
820 1187 865 1247 ita
892 1187 976 1247 dicit:
1008 1181 1103 1248 ‘Haec
1130 1189 1172 1247 ita

160 1279 196 1335 ut
217 1275 249 1334 in
270 1276 319 1335 his
341 1273 455 1334 tabulis
478 1275 613 1352 cerisque
637 1275 750 1351 scripta
773 1279 855 1350 sunt,
880 1276 925 1335 ita
947 1276 994 1356 do,
1017 1276 1063 1335 ita
1085 1270 1171 1356 lego'.

159 1364 261 1442 itaque
285 1383 362 1443 qnae
384 1363 417 1422 in
438 1363 551 1424 tabulis
573 1364 747 1425 testamenti
769 1364 939 1440 specialiter
958 1365 1072 1441 scripta
1094 1370 1171 1443 sunt,

159 1472 197 1513 ea
223 1452 344 1514 videtur
365 1452 499 1530 generali
526 1471 660 1513 sermone
690 1452 843 1512 nominare
872 1456 961 1529 atque
989 1453 1171 1514 confimare.

158 1540 270 1618 Gaia,
287 1543 359 1602 104.

251 1639 287 1698 In
306 1639 463 1714 Pomponii
486 1643 517 1699 et
534 1639 622 1698 Pauli
644 1643 675 1699 et
688 1638 810 1716 Ulpiani
828 1640 978 1717 plerisque
996 1640 1173 1718 fragmentis

158 1728 197 1788 de
229 1731 410 1788 testamento
442 1748 496 1805 per
529 1730 709 1804 scripturam
741 1729 822 1788 facto
852 1730 961 1804 agitur.
1011 1729 1116 1806 itaque
1144 1733 1174 1790 et

160 1816 343 1893 Pomponius
367 1817 402 1878 de
425 1817 549 1877 testium
572 1817 665 1895 signis
685 1808 728 1898 (v.
746 1811 839 1896 infra)
857 1822 888 1877 et
905 1816 1054 1895 Ulpianus
1079 1819 1116 1878 de
1139 1837 1173 1878 eo

158 1905 234 1965 dicit
257 1906 308 1983 qui
331 1900 398 1982 ‘per
419 1899 519 1965 notas'
542 1906 662 1982 scripsit
684 1924 738 1966 nec
763 1906 862 1966 minus
886 1907 922 1966 de
944 1908 1173 1968 testamentario

162 1987 213 2074 (D.
228 1997 280 2073 28,
294 1995 323 2067 5,
340 1997 369 2072 9,
384 1996 413 2056 3.
428 1996 449 2053 4
468 1994 501 2054 Ρ.
517 1987 639 2076 24600).

249 2083 404 2143 Adversus
432 2084 728 2143 testamentariomm
753 2083 875 2144 fraudes
902 2084 971 2144 inde
999 2102 1036 2144 ex
1058 2084 1172 2145 Tiberii

160 2171 347 2246 temporibus
367 2174 398 2230 et
416 2173 539 2232 senatus
558 2172 695 2231 consulta
714 2175 745 2231 et
757 2173 926 2249 principum
940 2173 1171 2234 constitutiones

161 2259 242 2319 facta
267 2262 352 2338 sunt,
380 2277 419 2319 sc.
438 2279 465 2320 a.
486 2261 526 2320 16
552 2279 590 2320 sc.
612 2260 812 2321 Libonianum
835 2254 886 2344 (D.
902 2264 952 2339 26,
969 2265 997 2340 2,
1014 2255 1084 2344 29),
1111 2263 1173 2322 edi·

160 2352 244 2408 ctum
278 2346 396 2408 Claudii
423 2343 474 2430 (D.
489 2350 542 2427 48,
558 2351 608 2424 10,
625 2341 747 2432 15pr.),
779 2350 898 2411 Nerone
929 2351 1062 2428 principe
1096 2371 1174 2413 nova

162 2439 283 2498 senatus
321 2438 467 2499 consulta
523 2438 644 2499 Sueten.
672 2438 742 2499 Ner.
774 2444 812 2501 17
846 2434 1001 2501 ‘adversus
1033 2440 1174 2502 falsarios

160 2530 233 2587 tunc
259 2527 390 2603 primum
417 2531 582 2608 repertum,
610 2547 648 2588 ne
674 2528 795 2588 tabulae
822 2528 881 2588 nisi
904 2532 1046 2604 pertusae
1069 2547 1105 2589 ac
1128 2533 1176 2590 ter

161 2615 224 2676 lino
261 2635 315 2693 per
350 2617 497 2676 foramina
532 2617 658 2678 traiecto
695 2617 937 2695 obsignarentnr3
979 2621 1103 2677 cautum
1141 2623 1176 2678 nt

161 2706 350 2766 testamentis
374 2706 488 2782 primae
511 2708 588 2768 dnae
611 2725 710 2776 cerae,
737 2709 918 2766 testatorum
942 2706 1029 2767 modo
1053 2707 1176 2767 nomine

160 2794 319 2872 inscripto,
356 2814 467 2855 vacuae
503 2796 668 2873 signaturis
705 2795 947 2874 ostenderentur,
983 2813 1018 2855 ac
1052 2814 1090 2855 ne
1123 2797 1178 2875 qui

161 2882 252 3032 {lieni
284 2884 457 2944 testamenti
489 2884 619 2960 scriptor
649 2884 785 2960 legatum
817 2884 876 2944 sibi
906 2878 1090 2945 ascriberet'.
1138 2887 1177 2946 ci.

207 2972 226 3032 i.
247 2975 365 3044 2151.

251 3068 299 3128 Ad
319 3073 441 3130 senatus
461 3070 633 3129 consultum
646 3069 843 3128 Libonianum
863 3069 984 3147 scripsit
997 3070 1112 3132 Paulus
1128 3072 1179 3132 vel

161 3158 272 3218 librum
300 3159 483 3236 singularem
511 3150 561 3241 (l).
580 3155 638 3237 48,
658 3160 713 3236 10,
732 3161 773 3218 22
793 3158 825 3218 Ρ.
842 3151 942 3240 1899)
971 3162 1002 3219 et
1024 3159 1181 3237 Ulpianus

160 3246 194 3304 in
224 3246 303 3306 libro
335 3247 439 3323 quinto
472 3246 511 3306 ad
539 3246 681 3307 Sabinum
713 3248 750 3306 dc
777 3248 1005 3308 testamentario
1032 3248 1091 3325 ait,
1124 3249 1182 3326 qui

163 3337 267 3393 contra
306 3335 493 3395 uoluntatem
527 3336 683 3396 testatoris
719 3336 921 3397 condicionem
957 3337 1091 3398 detraxit
1129 3338 1183 3400 vel

163 3422 374 3591 ilpusspkigosut
400 3423 543 3483 maiorem
566 3429 682 3500 partem
706 3424 864 3501 adscripsit
887 3422 936 3505 (D.
952 3429 1004 3506 28,
1019 3428 1048 3505 ὅ,
1065 3431 1095 3503 9,
1110 3430 1143 3489 3.
1161 3430 1181 3488 6
