2568 3890
426 159 449 207 7.
472 151 510 207 Μ.
527 151 717 208 ANTISTIUS
737 152 856 208 LABEO
1080 149 1144 215 233

136 315 176 381 ‘si
195 314 399 380 Andronicus
424 337 536 380 servus
555 337 645 380 meus
663 315 775 388 heredi
793 337 866 380 meo
885 315 1008 381 dederit
1027 316 1146 400 deoem,

136 405 220 470 liber
244 402 336 470 esto'.
372 403 486 468 deinde
510 404 549 468 de
567 403 618 467 his
642 405 736 469 bonis
755 410 906 487 coeperat
925 407 1146 471 controversia

137 516 216 559 esse.
255 492 310 578 qui
329 514 363 557 se
382 493 454 578 lege
476 491 627 557 heredem
651 493 759 558 aiebat
781 514 860 578 esse,
883 493 911 557 is
935 515 1005 558 eam
1023 494 1146 560 heredi·

136 587 238 648 tatem
263 583 303 647 ad
328 582 544 664 sepertinere
568 581 708 664 dicebat,
734 582 831 664 alter,
857 582 911 665 qui
933 581 1146 648 hereditatem

136 671 336 755 possidebat,
355 670 463 735 aiebat
480 674 675 735 testamento
687 692 730 740 ,se
749 670 898 742 heredem
918 691 996 736 esse.
1023 670 1146 738 eoaho¹

138 783 209 825 eum
243 760 404 826 sententia
436 760 524 824 diota
555 762 638 843 erat,
670 760 726 845 qui
753 763 949 824 testamento
978 760 1086 825 aiebat
1113 783 1147 826 se

137 849 288 915 heredem
316 870 395 914 esse.
440 848 554 912 deinde
580 848 784 913 Andronicus
812 848 1001 932 quaerebat,
1029 849 1057 912 si
1084 849 1148 933 ipsi

138 939 256 1024 viginti
294 937 447 1019 dedisset,
485 937 637 1022 qnoniam
675 936 849 1002 seeundum
883 959 955 1000 eum
988 939 1149 1003 sententia

138 1028 225 1092 dieta
247 1027 375 1091 futurus
397 1024 523 1108 fuissel²
547 1025 638 1111 liber,
661 1046 703 1090 an
720 1024 802 1090 nihil
821 1025 969 1091 videatur
988 1027 1149 1091 sententia

139 1138 221 1201 quae
240 1115 317 1181 vicit
331 1116 371 1180 ad
385 1138 456 1180 eam
472 1137 541 1179 rem
554 1114 684 1180 valere?
706 1113 894 1198 <respondit
908 1115 1047 1198 valere>
1074 1137 1150 1200 qua·

138 1210 272 1290 propter
295 1206 322 1269 si
347 1205 463 1290 viginti
484 1203 596 1268 heredi
614 1204 734 1288 scripto
755 1203 895 1268 dedisset
913 1206 945 1268 et
963 1224 1015 1268 res
1035 1209 1150 1270 eontra

139 1314 359 1378 possessorem
390 1292 530 1357 iudicata
562 1298 660 1376 esset,
692 1293 784 1357 illum
817 1293 852 1356 in
884 1293 1039 1357 servitute
1071 1293 1150 1358 iore.

139 1383 247 1448 Labeo
280 1382 354 1464 hoo,
387 1381 474 1466 quod
503 1380 640 1457 Quintus
668 1379 791 1445 Mucius
825 1382 952 1465 scribit,
981 1381 1032 1446 ita.
1056 1386 1149 1466 putat

138 1493 250 1536 verum
274 1493 352 1555 esse,
378 1471 407 1550 si
428 1492 463 1534 re
486 1492 563 1534 vere
585 1470 656 1554 lege
679 1470 720 1534 ab
743 1471 897 1535 intestato
920 1471 1014 1535 heres
1037 1470 1100 1535 fuit
1121 1471 1150 1535 is

140 1560 195 1644 qui
222 1559 313 1644 vicit,
339 1581 414 1624 nam
444 1557 473 1623 si
495 1559 613 1622 iniuria
637 1559 751 1623 iudicis
775 1558 879 1623 vietus
902 1562 988 1623 esset
1010 1561 1150 1644 scriptus

5 1709 6 1716 ,
139 1671 233 1714 verus
256 1649 350 1713 heres
374 1669 412 1712 ex
436 1647 640 1730 testamento,
663 1647 765 1711 nihilo
785 1647 892 1712 minus
913 1669 986 1712 eum
1005 1649 1151 1732 paruisse

139 1736 319 1802 condicioni
342 1738 372 1799 ei
394 1736 501 1800 dando
525 1740 558 1799 et
581 1735 719 1799 liberum
743 1734 821 1800 fore.

228 1848 264 1908 of.
283 1847 299 1906 Ι
312 1866 341 1923 p.
356 1849 407 1908 89.

230 1946 282 2013 56.
315 1947 354 2014 D.
378 1949 430 2029 31,
449 1949 489 2014 11
505 1971 552 2032 pr.
601 1947 800 2032 Pomponius
833 1949 917 2014 libro
946 1950 1084 2033 septimo
1113 1973 1152 2015 ex

140 2039 270 2104 Plautio
294 2036 342 2122 (P.
362 2038 451 2121 387).
477 2074 515 2084 —
541 2036 774 2103 Satuliberum
801 2039 842 2104 ab
870 2038 987 2104 herede
1009 2061 1050 2104 ne
1073 2045 1152 2106 tuno

141 2127 284 2212 quidem,
315 2148 387 2192 ourn
421 2127 518 2191 dubia
551 2128 594 2191 sit
621 2127 690 2191 eius
718 2149 756 2192 ex
784 2130 979 2193 testamento
1007 2129 1153 2213 libertas,

140 2218 284 2302 legatum
308 2216 377 2280 sine
400 2216 551 2280 libertate
575 2216 719 2300 aeoipere
741 2238 838 2301 posse
861 2216 969 2282 Labeo
994 2219 1049 2303 ait,
1077 2221 1153 2303 quia

142 2327 251 2371 servus
275 2305 344 2369 eius
368 2309 461 2369 esset.

231 2394 284 2460 57.
315 2393 354 2459 D.
377 2395 429 2477 40,
450 2395 527 2477 7‚8,
549 2395 576 2458 1.
626 2394 822 2479 Pomponius
855 2395 938 2459 libro
970 2399 1083 2461 ootavo
1112 2397 1153 2461 ad

142 2482 299 2548 Sabinum
327 2480 375 2570 (P.
396 2480 499 2569 526⁸).
530 2517 567 2528 -
600 2480 634 2546 si
661 2488 773 2566 partes
801 2505 875 2546 suas
904 2483 1038 2566 quisque
1065 2485 1153 2549 here

143 2572 218 2636 dum
255 2572 391 2637 diversis
429 2571 609 2636 ementibus
646 2570 839 2652 vendiderit,
876 2591 955 2654 quas
988 2573 1153 2653 portiones

141 2661 313 2726 heredibus
343 2662 418 2724 dare
447 2658 619 2745 statuliber
647 2659 771 2738 debuit,
800 2658 928 2722 easdem
953 2658 1044 2723 dabit
1067 2682 1153 2746 emp-

142 2749 277 2814 toribus.
322 2747 432 2813 Labeo
456 2752 564 2812 autem
588 2747 643 2831 ait,
667 2748 694 2812 si
717 2746 849 2811 nomina
872 2746 1041 2810 dumtaxat
1063 2748 1154 2812 here-

144 2839 220 2903 dum
243 2838 277 2903 in
300 2841 495 2902 testamento
519 2836 627 2920 posita
650 2835 725 2920 sint,
749 2836 858 2900 viriles
881 2839 990 2920 partes
1010 2835 1056 2900 eis
1077 2836 1155 2900 dan-

10 2985 11 2988 ,
144 2929 217 3011 das,
240 2928 268 2992 si
291 2948 367 2991 vero
390 2927 438 2991 ita
461 2925 501 2989 ‘si
523 2925 696 2990 heredibus
720 2925 829 3008 dedit',
852 2924 1071 2989 hereditarias.

234 3016 286 3082 58.
307 3014 346 3080 D.
356 3015 408 3094 40,
420 3017 448 3095 7,
458 3017 488 3098 3,
499 3016 529 3080 2.
559 3014 648 3079 Idem
664 3014 721 3099 (se.
732 3011 906 3100 Ulpianus)
924 3013 1008 3077 libro
1022 3015 1156 3078 vicensi-

145 3126 200 3170 mo
220 3105 358 3188 septimo
378 3105 418 3168 ad
437 3102 592 3168 Sabinum
612 3100 661 3190 (P.
675 3100 786 3190 2697).
802 3140 846 3151 -
860 3152 867 3166 .
883 3154 890 3166 .
905 3125 921 3167 .’
933 3104 1106 3187 quaeritur,
1128 3105 1156 3168 si

143 3195 231 3258 forte
255 3193 409 3258 debeatur
430 3194 567 3276 pecunia
584 3191 660 3255 huie
680 3213 772 3256 servo
792 3192 843 3255 vel
862 3192 902 3255 ab
922 3191 1048 3275 herede,
1072 3193 1155 3275 quod

144 3283 179 3347 in
204 3282 326 3346 domini
348 3282 508 3346 rationem
532 3280 605 3364 plus
630 3284 828 3365 erogaverat,
854 3280 906 3343 vel
931 3281 971 3343 ab
995 3285 1156 3366 extranee,

218 3462 232 3508 1
255 3456 302 3511 Fl.
322 3456 482 3510 seeundum.
572 3453 817 3510 2F1.sententie
840 3453 916 3508 diota
935 3456 990 3522 est,
1013 3456 1158 3511 futurusno

12 3495 13 3582 l
145 3529 221 3582 esset
238 3528 318 3582 liber.
