2568 3890
129 159 195 224 250
231 161 251 216 I.
279 157 431 214 AETATIS
450 155 608 213 AUGUSTI
625 157 673 212 ET
691 156 827 213 TIBURH
844 156 939 214 IURIS
959 155 1140 212 CONSULTI

219 323 291 386 141.
323 321 362 385 D.
381 321 607 405 19,1‚13‚22.
652 319 812 404 Ulpianus
839 321 922 384 libro
946 319 1138 404 trigensimo

129 411 267 475 secundo
288 411 327 474 ad
347 410 484 476 edictum
505 407 554 497 (P.
570 407 658 496 935).
673 447 715 456 -
733 457 741 474 .
756 463 763 476 .
779 459 786 475 .
805 431 844 473 ex
862 409 992 473 vendito
1011 409 1138 493 agendo

129 503 340 583 consequetur
367 499 466 563 etiam
490 504 652 584 sumptus,
680 499 734 584 qui
757 499 836 562 facti
860 498 992 562 suntin
1015 519 1050 560 re
1075 497 1138 561 dis·

128 591 242 672 tracta,
263 591 301 651 ut
322 592 402 672 puta
425 588 451 652 si
477 588 552 673 quid
571 588 605 666 in
625 587 770 652 aedificia
789 587 945 651 distracta
968 590 1138 671 erogatum

131 680 194 761 est;
219 676 333 741 scribit
356 677 442 741 enim
465 675 574 741 Labeo
599 681 632 740 et
655 675 824 740 Trebatius
850 697 920 740 esse
944 696 982 739 ex
1006 674 1138 741 vendito

129 764 190 829 hoc
213 765 344 830 nomine
368 766 537 830 actionem.

462 939 506 993 De
523 939 660 1008 mancipio
678 940 794 994 erudito.

217 1050 289 1116 142.
321 1048 360 1113 D.
376 1047 430 1132 21,
444 1049 473 1130 2,
488 1047 518 1113 5.
564 1048 684 1112 Paulus
707 1049 791 1113 libro
819 1048 1011 1134 trigessimo
1040 1053 1137 1114 tertio

28 1144 31 1148 '
128 1137 167 1202 ad
195 1138 333 1203 edictum
363 1134 411 1224 (P.
427 1132 516 1222 515).
541 1173 581 1184 —
606 1135 697 1202 Servi
724 1136 873 1201 venditor
899 1137 1058 1223 peculium
1087 1160 1138 1203 ac·

128 1248 290 1293 cessurum
322 1226 412 1291 dixit.
463 1226 489 1290 si
521 1225 660 1290 vicarius
694 1226 817 1291 evictus
851 1226 906 1309 sit,
938 1226 1021 1290 nihil
1048 1247 1138 1310 prae·

129 1319 287 1380 staturum
310 1314 509 1380 venditorem
531 1313 638 1380 Labeo
663 1315 717 1397 ait,
740 1314 816 1399 quia
839 1315 906 1378 sive
929 1314 1079 1380 nonfuit
1102 1316 1138 1381 in

127 1405 267 1490 peculio,
295 1426 361 1468 non
384 1403 568 1488 accesserit,
592 1403 659 1468 sive
682 1402 794 1486 fuerit,
816 1403 967 1468 iniuriam
991 1426 1011 1468 a
1033 1403 1137 1469 iudice

129 1497 255 1577 emptor
278 1515 393 1578 passus
418 1496 475 1557 est.
513 1493 606 1557 aliter
630 1496 726 1577 atque
750 1492 777 1556 si
796 1492 989 1558 nominatim
1011 1515 1138 1558 servum

18 1631 19 1635 ,
131 1582 279 1646 accedere
302 1581 451 1668 dixisset3
477 1585 554 1647 tunc
578 1583 661 1646 enim
685 1585 850 1667 praestare
875 1582 1005 1645 deberet
1028 1581 1062 1646 in
1085 1603 1137 1666 pe-

127 1671 210 1736 culio
235 1693 307 1735 eum
330 1693 408 1735 esse.

116 1841 118 1845 Ι
218 1761 304 1826 143?
327 1758 366 1824 D.
378 1761 427 1842 19,
439 1762 530 1844 1,11,
541 1759 570 1825 5.
602 1759 690 1824 Idem
710 1756 767 1844 (sc.
783 1755 955 1842 Ulpianus)
974 1759 1058 1824 libro
1077 1759 1135 1823 tri·

131 1850 277 1934 gensimo
310 1849 449 1914 seeundo
484 1849 525 1913 ad
557 1848 697 1914 edictum
730 1843 780 1936 (P.
799 1843 889 1933 931).
921 1883 965 1894 -
997 1846 1032 1912 Si
1065 1849 1136 1932 quis

14 1978 15 1982 =
128 1938 287 2022 virginem
311 1959 344 2001 se
368 1959 472 2002 emere
495 1940 656 2021 putasset,
687 1959 759 2001 cunr
782 1937 899 2001 mulier
921 1937 1076 2022 venisset,
1104 1941 1136 2002 et

128 2025 231 2089 sciens
261 2047 365 2089 errare
390 2046 463 2089 eum
486 2025 635 2090 venditor
658 2047 774 2108 passus
798 2027 855 2111 sit,
885 2025 1136 2090 redhibitionem

130 2113 256 2198 quidem
277 2135 315 2177 ex
334 2113 396 2179 hac
415 2135 513 2177 causa
531 2135 596 2178 non
616 2135 694 2196 esse,
712 2135 824 2177 verum
842 2119 952 2178 tamen
970 2137 1008 2178 ex
1027 2118 1135 2198 empto

127 2205 309 2287 competere
342 2200 500 2266 actionem
534 2202 573 2265 ad
605 2201 827 2266 resolvendam
856 2203 1066 2287 emptionem,
1097 2207 1136 2268 ut

126 2292 231 2374 pretio
254 2289 406 2355 restituto
431 2290 546 2354 mulier
569 2289 728 2354 reddatur.

214 2419 378 2495 Ulpianum
408 2420 537 2479 alienam
560 2419 740 2478 sententiam
763 2421 869 2479 afferre
893 2424 1026 2496 apparet.
1067 2440 1135 2480 cum

128 2512 217 2568 antea
240 2506 260 2584 ἓ
276 2513 294 2570 3
315 2503 426 2569 ‘Labeo
451 2512 482 2568 et
500 2502 640 2570 Sabinus’
658 2509 859 2582 nominentur,
882 2501 1049 2569 eorundem'
1062 2510 1136 2570 haec

127 2617 245 2674 quoquc
272 2600 365 2659 verba
392 2617 458 2658 esse
481 2618 540 2658 non
563 2601 610 2658 est
632 2598 696 2657 veri
719 2597 870 2658 dissimile.
917 2600 1019 2675 itaque
1042 2599 1136 2658 Lenel

127 2688 159 2747 P.
175 2690 236 2748 209
257 2689 330 2748 haec
348 2688 502 2764 proponit:
521 2682 572 2747 ‘ad
590 2687 797 2747 resolvendam
816 2686 995 2763 emptionem
1012 2680 1134 2765 (Labeo

129 2779 160 2835 et
183 2776 310 2836 Sabinus
333 2770 505 2855 putant?>'.

216 2896 289 2960 144.
322 2894 361 2959 Ι).
379 2895 428 2976 19,
446 2895 606 2978 1,13‚22.
652 2892 809 2978 Ulpianus
837 2895 921 2958 libro
945 2894 1135 2978 trigensimo

127 2984 265 3050 secundo
290 2984 330 3048 ad
350 2983 489 3047 edictum
508 2983 557 3066 (P.
571 2980 660 3068 935).
681 3019 719 3028 —
740 2982 829 3047 Idem
850 2980 995 3066 (Lubeo‘l
1019 2981 1134 3069 iteml)

126 3076 159 3136 et
187 3073 215 3137 si
241 3073 275 3136 in
304 3073 393 3156 aegri
421 3072 505 3136 servi
537 3071 735 3136 curationem
767 3070 948 3155 impensum
981 3075 1031 3136 est
1058 3076 1134 3137 ante

125 3161 334 3227 traditionem
358 3164 414 3226 out
439 3161 467 3225 si
491 3159 568 3245 quid
587 3160 620 3223 in
640 3159 836 3244 disciplinas,
860 3182 941 3245 quae
959 3160 1134 3225 verisimile

126 3255 195 3313 erat
232 3251 329 3314 etiam
366 3254 545 3334 emptorem
577 3249 660 3314 velle
694 3249 845 3332 impendi.
899 3249 961 3314 hoe
994 3249 1133 3333 amplius

127 3336 236 3402 Labeo
261 3339 307 3402 ait
331 3343 363 3402 et
387 3340 414 3402 si
438 3339 514 3423 quid
537 3339 572 3402 in
594 3339 690 3403 funus
709 3338 831 3403 mortui
850 3339 933 3402 servi
951 3339 1134 3422 impensum

1 3427 2 3478 ἰ
128 3425 179 3507 sit,
202 3448 240 3489 ex
262 3427 393 3490 vendito
417 3428 571 3512 consequi
595 3431 752 3510 oportere,
779 3427 923 3492 simodo
948 3427 1017 3491 sine
1041 3427 1135 3512 eulpa

1 3525 2 3548 l
125 3513 300 3578 venditoris
325 3520 461 3580 mortem
485 3516 610 3581 obierit.
