2508 3896
384 192 408 240 2.
431 183 615 241 musculus
634 185 786 242 sasinus
1024 183 1090 248 493

81 351 150 413 Gai.
167 355 196 429 2,
212 353 284 413 219.
321 346 433 428 ‘potest
451 353 593 412 constitui
611 343 666 434 (sc.
685 345 891 434 ususfructus)
910 355 941 412 et
959 351 1090 412 familiae

80 441 275 516 erciscundae
300 486 350 500 ...
373 441 484 500 iudicio
507 435 664 519 legitimo'.
701 441 771 500 Vat.
784 441 820 500 fr.
836 443 899 501 47⁸.

174 543 225 607 81.
256 540 295 607 D.
312 543 362 626 10,
377 543 407 624 2,
422 543 463 606 12
472 564 520 626 pr.
565 540 724 625 Ulpianus
753 542 836 605 libro
859 563 944 607 nono
967 542 1090 608 decimo

83 631 126 697 ad
156 630 298 696 edictum
326 627 376 714 (P.
395 629 500 716 632⁸).
527 667 571 677 —
598 680 633 696 ..
659 635 735 714 post
762 631 852 694 litem
879 634 1092 696 contestatam

85 719 224 786 Sabinus
244 719 358 784 scribit
375 720 410 783 in
427 718 572 784 familiae
591 718 795 784 erciscundae
813 717 967 783 iudicium
983 721 1092 785 venire

85 812 120 874 ot
144 807 320 873 adiudicari
342 829 437 891 posse
461 807 519 892 (sc.
540 812 671 892 partum
694 803 842 894 editum).

431 982 575 1038 Communi
591 983 752 1038 dividunde.

175 1073 215 1139 ἶ.
235 1081 261 1140 si
280 1126 331 1142 ...
351 1082 460 1158 agatur
474 1127 481 1140 .
496 1127 502 1139 .
517 1079 596 1139 inter
619 1080 715 1140 socios
738 1079 888 1139 communi
911 1072 1094 1139 dividundo'.

85 1169 151 1230 Gai.
162 1171 192 1246 4,
202 1171 254 1230 42.
287 1163 398 1245 ‘potest
415 1167 559 1228 constitui
579 1162 632 1247 (sc.
650 1159 856 1250 ususfructus)
876 1211 927 1228 ...
946 1166 1096 1227 communi

85 1257 250 1320 dividundo
273 1257 383 1317 iudicio
405 1251 561 1333 legitimo'.
597 1255 667 1317 Vst.
681 1258 718 1318 fr.
732 1259 798 1316 47⁸.

178 1361 243 1425 82⁸.
268 1357 307 1422 D.
319 1359 369 1438 10,
379 1358 409 1441 3,
420 1358 472 1423 28.
509 1357 707 1442 Papinianus
731 1359 814 1424 libro
839 1358 975 1443 septimo
995 1355 1096 1432 Quac-

89 1449 231 1514 stionum
245 1442 389 1532 (prm).
402 1447 591 1511 -Sabinus
607 1447 654 1510 ait
667 1447 700 1510 in
714 1469 749 1510 re
761 1447 924 1512 communi
933 1447 1096 1510 neminem

89 1536 292 1600 dominorum
319 1534 389 1599 iure
416 1534 520 1599 facere
546 1534 718 1619 quicquam
740 1535 843 1600 invito
867 1537 968 1600 altero
991 1556 1096 1619 posse.

179 1620 244 1688 82¹³.
277 1621 316 1688 D.
331 1624 360 1700 8,
375 1623 405 1705 2,
420 1624 471 1688 26.
516 1621 637 1688 Paulus
664 1624 747 1687 libro
774 1625 885 1706 quinto
910 1623 1032 1688 decimo
1057 1622 1097 1687 ad

91 1710 245 1777 Sabinum
261 1711 309 1796 (P.
321 1707 430 1797 1880).
444 1748 486 1760 -
500 1710 540 1775 In
559 1732 593 1775 re
608 1712 771 1777 communi
784 1734 877 1777 nemo
892 1712 1097 1776 dominorum

90 1802 160 1865 iure
192 1800 357 1865 servitutis
388 1821 491 1883 neque
522 1799 630 1865 facere
662 1799 833 1884 quicquam
864 1801 967 1865 invito
995 1801 1097 1865 altero

90 1893 199 1976 potest
231 1911 333 1973 neque
366 1888 537 1972 prohibere
565 1890 736 1973 quominus
765 1889 846 1954 alter
872 1888 986 1954 faciat:
1017 1889 1099 1953 nulli

88 1980 174 2043 enim
197 2000 248 2043 res
272 1999 331 2043 sue
353 1977 461 2043 servit.

178 2091 392 2166 Fragmentum
415 2089 485 2150 huic
502 2089 594 2166 cupiti
613 2109 702 2168 quam
721 2091 749 2150 ei
767 2111 826 2168 quo
845 2091 882 2151 do
901 2090 1098 2152 servitutibus

90 2180 204 2256 agitur,
227 2179 392 2239 attribuere
415 2179 516 2240 malui.

182 2281 233 2345 83.
255 2278 295 2344 D.
306 2281 335 2365 8,
345 2281 374 2362 2,
386 2280 437 2366 19,
446 2281 476 2345 2.
514 2280 634 2346 Paulus
657 2281 740 2346 libro
764 2286 854 2348 sexto
879 2281 919 2346 ad
943 2277 1099 2347 Sabinum

91 2367 142 2457 (P.
159 2365 267 2456 1738).
288 2405 327 2416 —
349 2365 458 2434 Scalas
477 2391 575 2453 posse
593 2391 644 2434 me
663 2369 703 2435 ad
721 2372 876 2454 parietem
896 2391 1099 2435 communem

93 2456 214 2522 habere
238 2456 375 2522 Sabinus
394 2506 424 2522 ..
444 2457 571 2541 scribit,
594 2459 670 2541 quia
692 2458 850 2523 removeri
871 2459 932 2522 hue
955 2462 1101 2542 possunt.

183 2545 261 2610 84⁸?
287 2544 388 2625 Dur,
398 2546 428 2622 2,
438 2546 489 2610 34.
526 2544 624 2609 Gaius
648 2544 731 2610 libro
755 2546 878 2610 decimo
903 2545 943 2609 ad
962 2544 1101 2610 edictum

93 2632 461 2721 provinciaie'(P.235).
481 2669 523 2678 -
540 2631 629 2698 Inter
647 2655 702 2698 eos
721 2654 855 2718 quoque,
879 2634 994 2718 quibus
1012 2633 1102 2697 here·

92 2723 211 2789 ditario
235 2723 303 2788 iuro
326 2722 505 2786 communis
528 2743 579 2786 res
600 2725 657 2804 est,
680 2742 775 2806 posse
794 2726 827 2786 et
845 2721 1007 2786 communi
1026 2721 1102 2784 divi·

92 2812 199 2878 dundo
224 2812 277 2896 agi
301 2807 454 2898 (Sabinus
479 2809 636 2895 scribitf).

93 2967 96 2976 ,
183 2897 262 2967 84¹²?
288 2900 325 2967 D.
341 2900 391 2984 10,
405 2900 435 2981 2,
449 2900 550 2984 44pr.
586 2898 706 2965 Paulus
729 2899 813 2964 libro
837 2901 926 2964 sexto
950 2897 991 2962 ad
1012 2896 1102 2963 Sabi-

93 3011 171 3055 num
204 2988 254 3074 (P.
274 2988 383 3074 1740).
414 3024 458 3036 —
484 2985 522 3052 Iu
539 3011 573 3052 er
606 2989 776 3054 coheredes
810 2989 908 3054 etiam
940 2986 1102 3052 communi

93 3077 268 3143 dividundo
301 3077 355 3162 agi
386 3082 508 3161 potest,
540 3084 576 3142 ut
607 3099 658 3142 res
688 3077 854 3143 dumtaxat
880 3097 963 3161 quae
991 3097 1102 3140 eorum

95 3188 279 3232 communes
308 3167 373 3231 sint
401 3169 433 3231 et
459 3187 574 3231 causae
602 3187 640 3230 ex
667 3165 718 3231 his
746 3168 842 3230 rebus
870 3165 1045 3249 pendentes
1069 3164 1103 3228 in

94 3255 248 3321 iudicium
267 3255 408 3340 veniant,
426 3254 464 3319 de
483 3254 598 3319 ceteris
616 3276 691 3320 vero
710 3255 744 3318 in
761 3255 887 3340 integro
902 3255 947 3318 sit
959 3252 1102 3319 familiae

95 3344 302 3420 erciscundae
325 3344 486 3409 iudicium.

186 3455 222 3515 cf.
236 3455 329 3516 Leno]
342 3456 362 3516 l.
376 3474 399 3516 c.
415 3476 443 3532 p.
460 3457 515 3534 63,
541 3455 593 3532 qui
614 3458 755 3516 neutrum
777 3457 879 3514 tamon
902 3456 1104 3534 fragmentum

93 3544 130 3604 in
154 3543 256 3603 Sebini
278 3544 513 3620 fragmentorum
535 3563 693 3605 numerum
715 3544 835 3621 recepit
