2512 3888
407 193 431 243 2.
455 186 638 243 MASURIUS
657 185 809 242 SABINUS
1048 185 1116 250 465

104 353 178 412 falle
200 373 238 412 au
257 353 377 414 Grande
398 355 507 433 liegen.
545 354 584 414 So
607 355 719 413 konnte
741 375 765 412 a.
778 355 814 416 B.
834 385 873 398 —
894 354 979 415 mehr
1001 355 1047 414 als
1066 355 1114 414 die

106 442 302 520 Mogliehksit
333 443 484 520 behaupte
514 443 563 504 ioh
594 443 678 503 nieht
711 472 750 485 —
784 443 833 502 bei
859 443 927 520 Ulp.
951 445 1002 503 Νι.
1027 447 1112 505 2667

106 531 143 590 D.
158 533 209 609 33,
226 534 287 610 1,3
316 532 369 593 (las
391 552 436 610 pr.
460 524 508 614 (si
530 533 664 610 legatum
688 531 728 591 sit
749 532 889 591 relietum
911 551 1011 592 annua
1032 533 1115 593 bima

105 619 197 679 trima
215 620 270 694 die,
290 612 418 700 triginta
435 621 524 695 forte,
542 620 617 680 dona
635 641 688 697 per
703 620 837 696 singulos
852 622 998 680 debentur
1012 641 1114 700 annos,

106 707 178 768 lieet
195 728 255 770 nou
273 711 366 770 fuerit
384 711 535 770 adiectum
549 703 664 787 ‘aequis
679 700 898 789 pensionibus')
913 728 970 769 von
986 709 1114 770 Sabinus

107 797 170 856 sein
197 798 259 858 und
287 799 334 858 dis
361 799 501 876 folgende
524 799 710 875 Drdrtarung
732 798 898 858 veranlafst
919 793 1038 858 haben'.
1083 801 1115 858 in

106 885 228 962 Ulpiani
242 889 419 967 fragmentis
433 892 463 949 ot
481 887 706 947 filiusfamilias
726 889 757 946 et
774 887 908 963 pupillus
927 905 996 946 oum
1014 890 1114 947 tutore

103 975 228 1036 laudant
267 1024 273 1038 .

279 1137 327 1196 De
348 1138 510 1196 adimendis
531 1137 575 1196 eet
598 1137 808 1210 transferendis
830 1137 939 1214 tepetis.

194 1255 354 1338 ‘Legatum
382 1260 462 1337 quod
489 1260 594 1320 datum
616 1264 675 1337 est,
703 1259 795 1319 adimi
817 1263 918 1336 potest
940 1259 990 1318 vel
1012 1259 1116 1320 eodem

103 1351 285 1408 testamento
321 1349 371 1410 vel
407 1348 552 1409 codicillis
587 1352 768 1409 testamento
806 1348 1002 1426 confirmatis,
1043 1348 1116 1407 dum
1220 1341 1222 1346 ’

104 1439 207 1496 tamen
239 1437 341 1496 eodem
373 1437 461 1497 modo
497 1436 662 1511 adimatur,
698 1457 757 1515 quo
791 1439 879 1499 modo
912 1438 1017 1497 datum
1049 1432 1116 1498 est'.

192 1613 239 1673 Ex
261 1613 346 1673 libn‘s
370 1613 408 1673 ad
431 1613 576 1673 Sabinum
597 1614 720 1691 Ulpiani
743 1617 862 1674 tantum
881 1616 1050 1693 fragmenta
1066 1632 1115 1672 ex-

104 1704 188 1762 stant
201 1702 233 1762 P.
250 1704 478 1763 2671-2676.
515 1696 614 1762 ‘Anah
627 1703 693 1762 hier
706 1707 842 1764 vermute
860 1704 910 1762 ioh
923 1703 972 1763 bei
987 1702 1114 1762 Sabinus

103 1791 191 1850 keine
211 1792 408 1868 allgemeinen
428 1789 621 1870 Grundsatze,
640 1792 768 1851 sondem
785 1811 844 1851 nur
863 1791 1115 1851 Dinzelentsohei·

93 1880 235 1960 dargan,
258 1880 315 1940 wie
339 1883 417 1940 etwa
439 1880 486 1939 die
509 1879 541 1940 in
563 1880 599 1940 D.
615 1882 667 1957 34,
681 1883 711 1958 4,
727 1881 802 1957 3pr.
828 1877 911 1960 (Ulp.
930 1880 983 1940 Νι.
999 1872 1114 1962 2673);

103 1967 138 2028 Si
160 1971 228 2046 quis
246 1970 291 2029 ita
309 1969 468 2049 legaverit:
492 1969 571 2030 Titio
590 1969 719 2030 fundum
736 1969 773 2030 ‹lo
793 1970 875 2048 lego;
898 1969 925 2028 si
948 1969 1046 2029 Titius
1066 1970 1115 2029 de·

103 2059 235 2133 oesssrit,
258 2059 344 2118 heres
367 2076 452 2119 meus
480 2057 551 2118 dare
577 2058 700 2118 damnas
729 2062 801 2137 esto,
827 2061 907 2119 reete
932 2060 1114 2118 translatum

102 2147 237 2224 legatum
257 2142 397 2209 videtur'.
442 2148 536 2208 Lenel
557 2148 578 2208 l.
602 2167 625 2208 a.
649 2169 677 2224 p.
698 2150 748 2209 52.

398 2362 445 2420 De
466 2364 630 2436 repetitione
651 2363 816 2436 lepotoram.

192 2484 237 2544 De
255 2485 310 2545 has
323 2504 356 2545 re
370 2484 509 2544 dixerunt
522 2485 554 2543 in
566 2485 711 2544 librorum
726 2485 763 2544 ad
778 2485 922 2544 Sabinum
936 2486 1113 2562 fragmentis

101 2571 284 2650 Pomponius
306 2573 338 2633 P.
354 2574 428 2651 513,
451 2571 564 2632 Paulus
587 2572 621 2632 P.
637 2574 732 2649 1685,
753 2572 901 2649 Ulpianus
925 2573 956 2632 P.
973 2576 1069 2635 2677.

474 2804 521 2862 De
543 2804 620 2878 lipsio
643 2804 740 2877 lepoto.

192 2930 237 2990 De
257 2929 341 3009 ligno
359 2930 460 3008 legato
479 2929 618 2988 dixerunt
637 2926 669 2998 Q.
688 2925 806 2988 Mucius
825 2919 855 3008 (I
873 2948 902 3003 p.
918 2918 983 3008 73),
1008 2924 1114 2986 Ofilius

100 3011 146 3102 (p.
168 3012 256 3101 348).
310 3019 346 3079 de
377 3019 473 3097 ligno,
505 3036 564 3093 quo
595 3035 691 3092 penus
723 3015 928 3089 eonfiteretur,
961 3035 989 3076 v.
1023 3034 1115 3091 supra

100 3127 131 3185 p.
145 3109 220 3170 460.
256 3109 288 3167 in
311 3108 396 3168 libris
419 3107 457 3166 ad
481 3105 625 3166 Sabinum
647 3106 683 3164 ds
706 3106 762 3165 hae
784 3124 816 3165 re
840 3106 979 3164 dixerunt
1001 3104 1114 3164 Paulus

99 3197 179 3257 libro
209 3200 318 3275 quarto
347 3197 380 3256 P.
410 3197 507 3274 1686,
541 3193 687 3270 Ulpianus
722 3194 797 3253 libro
833 3193 978 3271 vigesimo
1008 3194 1113 3270 quinto

100 3285 133 3346 P.
145 3288 240 3348 2679.
272 3285 430 3362 Pomponii
444 3282 609 3344 sententiae
623 3302 683 3342 non
696 3282 865 3344 traduntur.
899 3282 1026 3342 Sabinus
1041 3301 1114 3360 qno·

99 3394 159 3450 que
183 3375 220 3434 de
242 3376 324 3453 ligno
347 3375 448 3452 legato
471 3372 592 3434 videtur
614 3370 731 3430 dixisse.
768 3371 806 3431 do
827 3372 903 3450 ligni
921 3374 952 3430 et
970 3371 1113 3431 materiae

100 3463 303 3538 appellatione
340 3468 371 3523 et
406 3462 521 3540 priores
558 3461 801 3537 disputaverunt,
838 3461 951 3522 seilicet
986 3460 1113 3538 Muciae,

100 3547 217 3626 Ofilius,
235 3551 346 3631 Labeo,
364 3556 395 3612 et
412 3551 599 3628 posteriores.
637 3569 713 3627 quae
732 3548 879 3628 Ulpianus
897 3551 933 3611 D.
949 3553 1000 3631 32,
1016 3552 1056 3612 55
1067 3568 1113 3627 pr.

155 3658 253 3709 Iurlspr.
266 3661 383 3702 antonem.
398 3661 447 3703 rell
462 3661 497 3703 ed.
511 3661 610 3702 Bremsr.
633 3659 665 3702 Π.
866 3655 901 3704 30

1162 3748 1206 3757 Α...
