2568 3890
424 161 451 213 8.
474 156 502 214 C.
522 157 654 212 Arctus
674 156 806 212 CAPITO
1055 156 1122 222 283

108 319 257 387 Oscum
283 321 464 386 maeotim
494 321 621 402 ropaoit
671 317 747 384 Octo
778 340 855 403 rem,
886 340 965 401 puae
991 322 1123 386 anselo

107 409 209 493 cour,
230 411 379 491 picarium
394 429 458 474 uou
476 409 663 490 erepublica
680 408 849 492 videbatur,
866 410 978 492 perfici
995 410 1122 476 uolebat

108 500 177 564 aero
202 500 250 564 rei
275 499 428 564 baradus
446 498 554 580 pratia
580 497 672 580 ioupc
693 498 831 562 erobore
852 497 992 562 uebatur
1013 500 1123 565 eriere·

107 587 218 670 batque
247 588 372 654 dicendo
399 588 487 651 diem.
536 587 712 650 eratenim
738 587 789 650 ius
815 588 962 671 caua,
991 593 1029 654 ui
1053 608 1123 654 eert-

108 677 237 741 tentiam
263 681 388 760 capatus
410 677 520 741 iperet
540 679 623 760 aaa,
650 675 796 758 pur'cpuiei
818 675 904 740 veltet
923 676 1006 740 aliae
1025 678 1074 742 rei
1094 682 1124 743 et

107 767 212 848 pacet
240 765 332 830 veltet.
387 763 502 830 Caesar
530 765 635 829 aaut
663 765 811 830 rictorem
841 765 960 830 oocaoit
988 785 1122 850 eumue,

108 873 183 918 cuce
202 855 296 936 ,tuem
317 874 380 918 rou
399 853 525 937 faceret,
542 854 657 935 prendi
680 853 846 934 toquentem
867 858 896 916 ct
917 855 954 917 irc
973 873 1122 918 carcerem

107 943 181 1008 drea
197 944 296 1009 uasit.
331 948 455 1008 auctus
472 943 665 1007 consurrexit
679 947 708 1006 et
718 941 958 1025 prosequebatur
976 941 1122 1008 &ibaar

108 1032 145 1096 iu
172 1053 328 1098 carcerare.
356 1030 443 1114 ua,
470 1030 587 1115 inquit,
616 1031 737 1096 inuidia
757 1031 843 1113 facta
872 1028 987 1096 Caesa
1008 1032 1123 1098 destitit

106 1125 137 1186 ct
158 1121 240 1186 mici
261 1120 406 1188 aunem
427 1120 527 1186 iussit.

176 1355 243 1415 VH.
272 1355 597 1417 Coniectaneorum
619 1356 678 1416 vol
702 1354 939 1415 Coniectanei
961 1355 1058 1417 libri.

199 1477 304 1557 Operis
332 1478 543 1559 argumentum
568 1479 725 1540 convenire
748 1479 869 1540 videtur
893 1499 961 1540 cum
982 1480 1021 1542 iis
1043 1500 1121 1559 quus

109 1567 309 1629 Octavianum
336 1569 510 1647 Augustum
541 1567 575 1628 iu
604 1568 702 1628 iudice
734 1587 833 1630 rerum
861 1587 880 1628 a
907 1588 939 1630 se
967 1574 1121 1647 gesturum

107 1657 217 1718 rettuli
235 1658 389 1734 scripsisse
408 1676 501 1733 suprs
518 1677 547 1732 p.
559 1659 632 1718 266.
664 1657 695 1716 in
713 1657 889 1734 colligendis
908 1659 999 1718 rebus
1014 1657 1120 1736 Cupito

3 1727 4 1760 ¹
110 1745 256 1807 Varronis
284 1751 315 1806 et
342 1745 376 1816 Q.
400 1746 480 1805 Aelii
503 1745 669 1806 Tuberonis
698 1745 784 1806 libris
810 1764 883 1806 usur
912 1750 967 1808 eet.
1013 1766 1122 1809 uorem

107 1835 266 1896 minimum
281 1837 368 1895 erent
384 1835 465 1912 libri,
483 1835 595 1913 singuli
609 1834 740 1910 propriis
753 1835 853 1894 titulis
866 1835 1010 1912 inscripti.
1043 1835 1121 1898 Gall.

1 1973 2 1978 ,
108 1926 241 2000 4,14,1
262 1918 384 1984 ‘librum
401 1923 478 1984 VIII
495 1923 578 1984 Ateii
596 1922 752 2000 Capitonis
770 1921 1037 1986 Coniectaneorum
1054 1971 1122 2006 ...,

110 2013 166 2091 qui
187 2013 350 2090 inscriptus
372 2016 420 2074 est
442 2014 479 2073 de
502 2012 621 2073 iudiciis
643 2006 791 2087 publicis’.

198 2093 477 2162 ‘Coniectaneorum
498 2101 583 2178 libri,
607 2101 660 2179 qui
682 2101 742 2162 etsi
763 2101 801 2162 ud
824 2101 872 2162 ius
894 2103 1036 2164 ridentur
1058 2123 1120 2164 om-

107 2208 162 2250 nes
183 2190 372 2268 pertinuisse,
394 2193 496 2250 tumen
517 2190 592 2250 iuris
612 2190 781 2268 explicandi
799 2209 890 2251 ceusu
907 2192 983 2252 tulis
1000 2212 1119 2272 quoqne

108 2282 289 2358 tractarunt,
312 2297 389 2357 quus
411 2299 465 2356 per
488 2297 521 2340 se
541 2283 677 2355 spseuu
694 2298 755 2339 non
772 2279 872 2340 minus
890 2282 1119 2358 grammaticum

108 2368 231 2445 sapiunt
252 2386 343 2446 quum
365 2367 440 2428 iuris
461 2361 603 2445 peritum'
627 2367 755 2428 Ritschl:
778 2367 909 2446 Purerga
927 2369 1030 2431 1³73.

508 2579 615 2640 Liber
637 2578 720 2638 VIII.

454 2695 496 2750 De
514 2693 627 2750 iudiciis
645 2694 776 2766 publicis

199 2807 228 2872 1.
257 2805 565 2890 G011.4,14‚1-6.
593 2841 636 2852 --
664 2802 746 2870 Cum
778 2804 896 2869 librum
923 2803 1004 2870 VIII
1031 2806 1120 2873 Ateii

107 2895 278 2981 Capitonis
311 2894 602 2961 Coniectaneorum
633 2896 827 2980 legeremus,
860 2894 914 2979 qui
945 2895 1119 2979 inscriptus

108 2989 160 3051 est
179 2984 217 3048 de
235 2985 362 3050 iudiciis
380 2983 527 3069 publicis,
545 2984 708 3049 decretum
726 2983 930 3048 tribunorum
949 2983 1055 3049 risum
1069 2989 1120 3049 est

110 3074 281 3160 gravitatis
304 3074 453 3158 antiquae
476 3074 617 3156 plenum.
658 3077 831 3157 propterea
851 3072 884 3137 id
904 3073 1120 3157 meminimus,

108 3163 204 3248 idque
232 3163 274 3228 ob
301 3161 385 3226 hunc
412 3183 544 3226 causum
572 3167 604 3224 et
631 3162 666 3224 in
692 3161 776 3226 haue
802 3163 995 3226 sententium
1021 3162 1120 3245 scrip·

107 3257 178 3318 tum
202 3255 265 3318 est:
289 3251 394 3318 Aulus
412 3251 567 3316 Hostilius
587 3250 759 3315 Mancinus
780 3250 890 3316 cedetis
911 3250 1029 3316 aeratis
1048 3251 1120 3331 suit

108 3343 137 3407 is
166 3341 321 3406 Maniliae
350 3341 501 3404 meretrici
526 3339 607 3404 diem
633 3339 677 3403 cd
695 3339 849 3422 populum
874 3340 966 3417 dicit,
998 3341 1121 3422 quode

108 3429 244 3496 tabutrto
271 3431 336 3494 cius
362 3433 452 3494 noctu
479 3429 580 3510 lapide
608 3428 685 3492 ictus
711 3432 797 3512 esset,
828 3429 996 3510 ueluuspue
1022 3449 1060 3494 ea
1086 3451 1119 3496 eo

107 3519 211 3601 lapide
233 3518 410 3584 esuriebat.
452 3518 593 3583 Manilio
615 3518 658 3582 ad
679 3516 817 3584 tribuous
832 3517 916 3600 plebi
931 3521 1119 3601 provocarit.
