2508 3896
153 186 219 251 534
255 186 290 243 Il.
317 185 384 241 TlB.
410 184 485 240 ssu
508 181 635 240 CLAUD.
660 181 795 241 NERON.
818 181 924 238 TEMP.
944 181 1039 237 IURIS
1058 181 1159 238 CONS.

152 355 300 414 actionem
326 355 358 414 in
387 355 523 430 duplum,
556 371 632 429 quse
662 346 832 428 appellatur
858 346 1001 428 depensi'.
1049 350 1112 412 Gai.
1132 353 1162 426 3,

239 531 275 590 In
306 532 362 592 hoe
395 532 492 608 eapite
521 531 667 606 Ulpianus
697 530 788 588 etiam
817 529 852 588 de
880 529 1061 589 vadimoniis
1088 529 1163 588 dixit

151 619 184 679 P.
201 621 295 680 2933.
312 623 406 681 2934.
452 620 545 679 Lenel
567 620 586 678 1.
607 639 631 679 e.
649 640 679 696 p.
695 621 735 679 79
765 618 885 678 eonioit:
918 612 1060 678 ‘Sabinus
1088 618 1163 677 wird

151 708 351 786 gelegentlich
383 710 436 770 der
462 708 648 785 Burgsohaft
680 708 733 768 das
764 707 967 768 vadimonium
998 708 1043 766 als
1076 707 1162 766 einen

151 796 218 855 Fall
242 798 294 856 der
318 798 475 857 satisdatio
499 797 635 857 erwdhnt
654 797 760 856 haben.
797 796 867 873 Vgl.
887 798 963 855 suoh
980 795 1162 872 Pomponius

152 885 183 944 P.
201 888 263 946 722
289 886 390 964 D.45,
408 890 435 963 1,
452 879 581 964 5,1.2.’

239 970 326 1034 ‘Cum
349 977 450 1035 autem
473 975 505 1035 in
528 975 574 1035 ius
592 977 716 1034 vocatus
734 974 827 1033 fuerit
846 973 1044 1051 sdversarius,
1067 993 1162 1052 neque

149 1081 183 1121 eo
208 1064 255 1122 die
278 1063 358 1123 finiri
380 1065 513 1140 potuerit
535 1064 698 1141 negotium,
721 1062 924 1123 vadimonium
944 1058 973 1122 ei
991 1064 1160 1123 faciendum

148 1156 207 1228 est,
234 1153 265 1211 id
294 1156 340 1212 est
366 1156 402 1212 ut
426 1153 585 1229 promittet
609 1172 640 1212 so
664 1156 744 1212 certo
768 1152 815 1211 die
840 1152 915 1211 sisti.
960 1152 1038 1211 fiunt
1062 1156 1161 1211 autem

148 1239 319 1300 vadimonia
346 1241 524 1317 quibusdam
552 1261 587 1301 ex
615 1242 712 1302 causis
739 1259 827 1317 pura,
855 1241 887 1301 id
915 1244 961 1299 est
987 1243 1050 1300 sine
1076 1243 1162 1300 satis-

149 1330 279 1405 datione,
303 1331 482 1409 quibusdam
504 1351 571 1392 oum
591 1331 785 1391 satisdatione
810 1323 864 1390 ...'
889 1328 1160 1404 Gei.4,184.185.

439 1511 486 1569 De
508 1528 658 1569 sorvorum
680 1510 874 1584 stipulatione.

240 1609 311 1675 152.
336 1609 375 1675 D.
391 1605 443 1694 45,
453 1611 483 1696 3,
492 1612 544 1676 32.
579 1609 671 1674 Idem
686 1608 744 1698 (so.
758 1605 892 1696 Paulus)
911 1609 995 1673 libro
1014 1630 1102 1674 nono
1122 1609 1161 1673 ad

149 1698 311 1763 Plautium
327 1696 377 1786 (P.
390 1698 499 1786 1166).
513 1735 557 1747 —
571 1697 605 1764 Si
620 1721 694 1764 eum
710 1698 845 1763 duorum
859 1697 1063 1762 ususfructus
1079 1703 1163 1763 esset

148 1788 183 1850 in
212 1809 318 1868 servo,
348 1787 407 1873 [et]
437 1789 465 1853 is
489 1810 600 1853 servus
623 1788 681 1852 uni
702 1787 897 1852 nominatim
920 1786 1096 1870 stipulatus
1120 1788 1162 1851 sit

150 1897 188 1939 ex
221 1897 258 1940 ea
290 1899 339 1959 re,
371 1899 453 1961 quse
487 1877 527 1942 ad
559 1880 713 1961 utrosque
745 1877 900 1959 pertinet,
933 1873 1075 1940 Sabinus
1107 1875 1162 1959 aii,

149 1965 301 2047 quoniam
331 1965 393 2030 soli
421 1966 584 2050 obligatus
613 1968 712 2049 esset,
742 1965 912 2029 videndum
941 1985 1025 2047 esse,
1054 1987 1162 2050 qnem-

149 2051 320 2116 admodum
345 2054 429 2118 alter
451 2054 600 2118 usuarius
623 2059 750 2137 partem
774 2075 865 2118 suam
886 2053 1028 2135 recipere
1047 2054 1162 2138 possit,

148 2139 299 2224 quoniam
323 2141 409 2205 inter
432 2163 487 2206 eos
511 2142 601 2206 nulla
625 2143 809 2207 communio
832 2142 912 2206 iuris
935 2146 1030 2207 esset.

237 2252 401 2312 Mommsen
424 2253 481 2312 soli
500 2249 674 2332 <nominato
695 2249 888 2334 promissor),
911 2251 950 2313 A.
967 2253 1089 2314 Persice
1106 2272 1161 2328 po·

147 2341 205 2399 tius
227 2341 281 2398 uni
304 2343 348 2400 oei
371 2342 460 2400 alteri
482 2345 664 2403 scribendum
687 2361 748 2404 esse
771 2345 881 2404 conicit.

237 2442 309 2508 153.
334 2440 435 2520 1145,
446 2444 475 2523 3,
489 2444 536 2508 14.
573 2443 720 2510 Iulianus
739 2445 822 2509 libro
839 2445 937 2509 tertio
953 2443 993 2508 ad
1007 2441 1162 2510 Urseium

141 2527 298 2596 'Ferocem
327 2529 377 2619 (P.
397 2530 485 2620 917).
512 2531 697 2598 —Servus
726 2555 815 2598 meus
843 2555 915 2597 oum
942 2533 1029 2616 apud
1057 2533 1162 2597 furem

148 2625 243 2706 esset,
266 2621 330 2685 furi
353 2622 424 2686 dari
448 2621 622 2705 stipulatus
647 2626 710 2687 est:
732 2626 832 2704 negat
853 2621 919 2685 furi
942 2621 1052 2686 deberi
1071 2621 1163 2687 Sabi·

146 2731 222 2793 nus,
259 2711 334 2795 quia
366 2733 403 2776 eo
436 2714 596 2795 tempore,
633 2732 696 2795 quo
730 2711 904 2794 stipulatus
937 2712 1001 2795 est,
1034 2711 1064 2774 ei
1096 2732 1164 2776 non
1234 2743 1235 2764 r

146 2800 291 2864 serviret.

411 2911 458 2971 De
480 2912 631 2992 inutilibus
652 2911 895 2984 stipulationibus.

235 3011 279 3075 ‘Si
306 3014 338 3075 id
366 3016 446 3093 quod
473 3017 539 3076 dari
566 3017 758 3094 stipulamur,
786 3018 847 3076 tale
874 3018 926 3094 sit,
954 3021 991 3076 ut
1013 3017 1081 3076 dari
1102 3036 1166 3077 non

146 3105 251 3178 possit,
269 3105 385 3164 inutilis
400 3108 447 3165 est
461 3106 626 3182 stipulatio,
645 3107 730 3165 velut
744 3107 770 3166 si
784 3107 852 3182 quis
866 3105 1016 3167 hominem
1031 3106 1163 3166 liberum

146 3211 235 3267 quem
265 3211 384 3252 serrum
413 3212 478 3253 esse
507 3194 659 3273 credebat,
688 3199 741 3254 aut
767 3198 920 3255 mortuum
947 3214 1035 3270 quem
1057 3195 1166 3257 vivum

146 3299 211 3340 esse
244 3280 395 3357 credebat,
428 3285 482 3339 eut
512 3283 612 3341 locum
644 3302 761 3342 ssorum
790 3285 841 3345 vel
870 3284 1045 3360 religiosum
1072 3303 1166 3361 quem

145 3368 274 3442 putabat
296 3368 418 3427 humani
440 3370 515 3429 iuris
538 3388 612 3445 esse,
636 3372 701 3430 dari
719 3365 910 3448 <stipuletur.
946 3372 1020 3431 item
1043 3371 1070 3430 si
1092 3373 1164 3450 quis

145 3473 210 3516 rem
234 3474 310 3531 quae
333 3457 366 3515 in
388 3476 490 3516 rerum
512 3461 622 3517 natura
645 3477 709 3519 esse
732 3477 792 3517 non
814 3464 927 3535 potest,
951 3461 1036 3521 velut
1058 3461 1167 3537 hippo

147 3539 355 3622 centaurum>
377 3545 548 3624 stipuletur,
570 3565 665 3623 aeque
682 3546 799 3606 inutilis
819 3552 866 3609 est
884 3549 1051 3625 stipulatio.
1087 3548 1167 3609 item
