2506 3880
132 175 194 240 166
230 175 251 230 Ι.
274 173 424 230 AETATlS
443 172 601 229 AUGUSTI
622 174 670 229 ET
688 173 823 230 TIBERII
841 174 936 229 IURIS
956 174 1140 230 CONSULTI

130 346 271 420 strengen
303 341 538 419 Differenzirung
569 342 622 401 der
653 343 745 418 sicel,
777 341 867 401 deren
900 342 1135 422 Durchfthrung

129 432 178 490 bei
202 432 269 490 dem
291 431 500 491 unterstellten
522 429 692 491 Verfahren
714 430 821 491 h'o'chst
842 433 1136 492 unwahrscheinlieb

128 520 179 597 ist,
198 519 275 578 denn
293 519 335 578 sie
354 520 454 579 wurde
468 521 687 598 voraussetzen‚
705 522 773 580 dass
788 521 842 578 auf
855 520 901 579 die
916 519 1137 596 inscriptionen

128 607 176 667 die
203 611 319 684 grdsste
343 606 475 686 Sorgfalt
503 609 673 669 verwendet
701 608 815 685 wurde,
843 609 984 668 wahrend
1007 609 1054 668 die
1077 610 1136 669 Er-

129 696 257 774 haltung
285 697 441 757 darselben
468 698 543 757 doch
571 698 612 756 im
636 696 758 757 Grande
784 717 843 756 nur
869 698 925 756 auf
949 698 1030 758 einer
1058 699 1135 758 snti-

130 785 305 861 quarischen
322 785 519 846 Liebhaberei
536 784 672 846 beruht.“
707 805 777 846 nam
795 805 903 861 parum
921 786 993 846 licet
1011 787 1137 864 iuscrip-

130 873 262 934 tionibus
286 875 432 935 universis
457 893 563 952 operae
586 874 690 934 datum
713 875 761 951 sit,
785 877 864 934 certe
888 875 925 934 iis
949 876 1022 935 satis
1046 893 1136 936 curae

130 962 233 1021 datum
261 965 315 1040 est,
345 963 451 1040 quibus
474 963 621 1023 Labeonis
643 963 737 1023 libros
761 962 799 1022 ad
821 982 928 1022 manns
950 964 1044 1024 fuisse
1066 984 1136 1040 pro·

126 1052 259 1111 baretur.
295 1051 410 1111 accedit
428 1053 508 1128 quod
525 1053 557 1110 in
576 1051 723 1112 eiusmodi
741 1052 831 1111 rebus
850 1053 917 1128 ipsa
936 1055 1045 1112 natura
1063 1053 1135 1130 fert,
1245 1059 1248 1066 “

126 1142 162 1199 ut
184 1140 338 1215 inscriptio
361 1140 456 1217 primo
480 1142 624 1216 usurpata
646 1143 801 1217 repetatur
823 1141 855 1199 in
878 1142 992 1200 ceteris.

215 1228 264 1288 Ad
297 1228 528 1288 confirmandam
553 1229 638 1288 illam
661 1229 860 1290 coniecturam
884 1229 999 1289 faciunt
1026 1231 1136 1310 omnia,

127 1337 204 1394 quae
241 1318 277 1376 de
314 1318 429 1377 duabus
470 1318 705 1395 fragmentorum
746 1318 891 1395 seriebus,
932 1319 1060 1378 maxime
1098 1320 1135 1380 de

126 1407 214 1484 serie,
245 1409 281 1465 ut
312 1425 372 1465 una
404 1425 474 1466 voce
508 1406 767 1483 comprehendam,
799 1406 989 1467 Labeoniana
1016 1427 1035 1467 a
1061 1408 1136 1469 viris

125 1495 220 1555 doctis
253 1495 333 1554 dicta
364 1498 447 1554 sunt:
484 1495 516 1554 in
547 1495 594 1554 his
625 1494 801 1574 fragmentis
832 1496 932 1571 ipsum
964 1495 1136 1557 Labeonem

125 1583 216 1662 loqui,
238 1585 270 1643 in
291 1583 396 1643 iisdem
419 1583 566 1644 Labeonis
590 1583 754 1662 sententiis,
777 1583 838 1644 sive
861 1585 941 1645 veris
964 1585 1026 1646 sive
1044 1585 1134 1666 fatie,

125 1673 252 1732 aliorum
284 1691 337 1732 nec
369 1673 533 1733 sententias
564 1673 672 1733 allatas
706 1691 760 1732 nec
791 1676 877 1732 notas
907 1672 1025 1733 additas
1058 1693 1135 1754 esse,

3 1785 4 1788 ¹
126 1761 252 1839 denique
288 1762 361 1821 haec
397 1763 566 1840 fragmenta
599 1781 659 1822 non
691 1765 807 1821 sextum
839 1760 951 1820 librum
982 1762 1133 1822 excedere.

127 1850 301 1910 Triboniani
338 1851 416 1909 enim
447 1851 473 1910 is
506 1850 637 1928 adiutor,
674 1851 726 1928 qui
759 1851 858 1926 ipsum
889 1851 1058 1910 Labeonem
1089 1852 1135 1910 lo·

124 1942 264 2015 quentem
291 1939 468 2015 introduxit,
497 1959 565 1999 eum
592 1958 687 2015 neque
716 1939 843 1999 aliorum
871 1939 1051 2000 auctoritate
1074 1939 1134 2000 niti

124 2045 219 2103 neque
246 2026 283 2086 ab
312 2027 378 2086 aliis
410 2027 519 2103 corrigi
541 2028 673 2104 volcbat3
700 2028 909 2103 imperfectum
932 2032 1034 2088 eutem
1057 2047 1134 2104 opus

124 2115 186 2174 sive
213 2114 313 2173 taedio
344 2115 405 2175 sive
434 2115 547 2174 aliare
571 2116 683 2175 victum
706 2134 774 2175 eum
796 2117 954 2193 reliquisse
977 2121 1133 2177 consenta-

124 2205 354 2350 neumilbbiium
377 2291 415 2351 ad
438 2310 486 2370 ea,
509 2310 586 2368 quae
610 2292 806 2368 explicatione
830 2297 932 2373 egent,
956 2294 1134 2370 explicanda

124 2379 245 2438 minime
275 2397 349 2454 opus
376 2383 423 2440 est
441 2380 515 2440 duos
535 2380 707 2441 Tribcniani
726 2382 878 2442 adiutores
898 2385 1039 2461 statuere,
1063 2401 1133 2444 cum
1222 2379 1225 2386 ’

123 2485 204 2528 unus
219 2467 358 2546 sufficiat,
374 2469 423 2528 cui
436 2471 596 2545 utrumque
611 2469 785 2528 mandatum
798 2471 899 2548 fuerit,
913 2475 949 2530 ut
963 2471 1134 2549 fragmenta

126 2561 158 2618 et
174 2556 309 2618 Iauoleni
331 2562 362 2619 et
380 2558 528 2618 Labeonis
549 2559 666 2618 nomine
686 2559 805 2637 signata
822 2563 1010 2635 proponeret.
1052 2561 1133 2638 quod

125 2647 152 2706 si
178 2649 258 2706 recte
287 2665 317 2706 se
345 2649 449 2724 habet,
476 2648 555 2707 idem
584 2648 758 2707 Triboniani
786 2648 905 2708 adiutor
930 2649 1051 2727 gemina
1077 2649 1133 2710 illa

126 2737 296 2814 fragmenta
314 2736 449 2810 confecit,
474 2755 600 2813 qnorum
618 2755 685 2796 cum
705 2736 834 2795 alterum
852 2737 1023 2816 eligendum
1042 2742 1132 2813 esset,

125 2829 288 2901 utrumque
311 2843 410 2884 errore
429 2827 579 2901 receptum
599 2828 653 2884 est.
690 2825 742 2884 sed
759 2827 832 2884 utut
850 2829 905 2901 est,
928 2825 967 2885 ad
985 2845 1133 2886 summam

126 2914 181 2974 hoc
204 2912 366 2973 tenendum
389 2915 516 2972 estnon
539 2932 575 2971 er
597 2912 713 2972 duobus
738 2914 877 2990 operibus
900 2914 1056 2993 haustum,
1080 2917 1135 2977 sed

122 3022 217 3062 unum
245 3001 382 3076 idemque
410 3019 484 3077 opus
512 3001 624 3078 duplici
646 3001 762 3062 ratione
786 3005 957 3079 excerptum
980 3021 1046 3064 esse
1069 3005 1132 3065 sive

125 3110 143 3149 a
171 3089 286 3149 duobus
318 3090 390 3150 viris
423 3089 484 3149 sive
515 3091 552 3150 ab
580 3109 648 3150 uno.
700 3109 759 3168 qua
787 3091 818 3150 in
844 3110 876 3151 re
905 3091 1133 3170 Palingenesiae

124 3180 223 3239 editor
241 3196 363 3255 prorsus
378 3179 538 3238 consentit:
557 3172 661 3256 ‘mihi',
681 3180 779 3256 inquit
792 3173 821 3260 (I
835 3181 889 3240 ool.
905 3183 970 3241 300
983 3175 1035 3261 n),
1054 3175 1134 3256 ‘per-

124 3286 248 3327 suasum
266 3274 313 3327 est
330 3287 425 3328 unum
438 3268 530 3329 fnisse
544 3267 679 3328 Iavoleni
694 3288 779 3345 opus,
797 3269 1006 3344 compilatores
1021 3273 1133 3348 autem,

125 3359 160 3414 ut
187 3375 276 3431 quam
304 3356 443 3433 plurimis
471 3355 672 3434 antiquissimi
699 3357 772 3416 iuris
800 3357 930 3417 consulti
953 3359 1132 3436 fragmentis

123 3441 247 3518 Digesta
279 3449 436 3519 ornarent,
474 3463 627 3522 separasse
658 3445 837 3522 propriaque
869 3447 1062 3523 inscriptione
1089 3448 1133 3508 in·

128 3530 284 3607 signivisse
312 3552 349 3592 ea
375 3552 452 3609 quae
475 3533 541 3610 ipsa
562 3533 709 3594 Labeonis
732 3533 824 3595 verba
846 3534 1031 3611 praebebant
1052 3535 1135 3614 frag·
