2512 3888
156 147 223 210 440
263 147 297 202 ΙΙ.
323 144 393 201 ΤΙΒ.
411 143 487 199 aen
511 141 640 199 CLAUD.
659 142 794 199 NERON.
814 142 923 198 ΤΕΜΡ.
941 141 1037 198 IURIS
1061 142 1167 200 CONS.

327 304 371 358 De
389 320 418 359 eo
437 305 509 374 qaod
522 321 574 374 por
592 305 793 359 damnationem
811 304 928 374 tenutam
946 310 991 358 est.

245 395 314 460 ‘Per
341 399 558 460 damnationem
586 401 642 460 hoc
668 400 757 460 modo
787 401 935 478 legamus:
963 399 1058 459 Heres
1080 418 1170 460 meus

158 489 295 549 Stichum
331 507 451 550 servum
486 509 586 549 meum
623 490 693 548 dare
731 489 853 548 damnas
889 491 953 548 esto
1073 508 1169 567 eoque

156 597 265 655 genere
306 578 401 655 legati
437 578 528 637 etiam
567 578 664 636 aliena
701 595 748 636 res
782 577 878 655 legari
909 579 1021 653 potest,
1057 577 1103 636 ita
1132 580 1170 637 ut

155 667 242 727 heres
269 667 416 728 redimere
443 687 508 726 rem
531 669 562 726 et
583 668 738 743 praestare
762 669 816 725 aut
838 665 1079 726 aestimationem
1104 667 1168 726 eius

156 755 227 815 dare
255 756 369 815 debeat.
415 774 451 815 ea
479 774 596 833 quoque
623 773 671 814 res
698 773 775 833 quae
800 754 832 813 in
854 773 955 813 rerum
977 756 1088 814 natura
1109 773 1169 815 non

156 847 216 921 est,
244 845 380 904 simodo
403 845 509 904 futura
532 845 592 920 est,
619 863 674 920 per
697 843 918 902 damnationem
939 842 1036 920 legari
1059 845 1168 919 potest,

155 933 241 993 velut
268 934 384 993 fruetus
412 932 465 1009 qui
490 933 522 991 in
549 932 602 992 illo
630 931 723 992 fundo
750 931 817 990 uati
841 934 930 991 erunt
952 934 1006 990 aut
1027 932 1111 1007 quod
1133 950 1168 992 ex

154 1022 209 1081 illa
240 1022 351 1081 aneilla
381 1024 486 1080 natum
519 1021 585 1081 erit.
634 1021 715 1097 quod
747 1024 847 1079 autem
875 1021 919 1079 ita
949 1020 1086 1096 legatum
1114 1023 1167 1098 est,

154 1114 224 1186 post
244 1110 359 1170 aditam
382 1109 592 1186 hereditatem,
621 1109 741 1168 etiamsi
762 1127 836 1184 pure
858 1110 994 1187 legatum
1016 1110 1077 1185 est,
1101 1129 1168 1186 nou,

156 1202 190 1258 ut
226 1219 280 1276 per
314 1198 546 1258 vindicationem
576 1199 725 1275 legatum,
762 1197 904 1257 continuo
936 1197 1084 1274 legatario
1118 1198 1165 1257 ad·

155 1287 299 1366 quiritur,
324 1287 376 1347 sed
398 1287 492 1346 nihilo
515 1287 613 1346 minus
636 1286 754 1346 heredis
778 1289 833 1364 est,
856 1291 888 1345 et
909 1285 976 1346 idco
999 1287 1166 1364 legatarius

155 1377 188 1436 in
213 1395 372 1453 personam
400 1394 489 1452 agere
518 1374 619 1453 debet,
647 1373 679 1436 id
702 1379 747 1434 est
770 1375 923 1434 intendere
946 1375 1087 1434 heredem
1111 1375 1166 1435 sibi

156 1467 228 1524 darc
261 1468 411 1540 oportere,
444 1467 475 1524 et
506 1467 571 1524 tum
598 1465 699 1541 heres,
727 1464 752 1522 si
778 1481 827 1523 res
850 1463 979 1539 mancipi
1002 1463 1055 1542 ait,
1084 1483 1165 1523 man·

158 1553 235 1630 cipio
268 1555 337 1613 dare
370 1555 424 1613 aut
454 1553 486 1612 in
516 1554 581 1612 iure
614 1553 717 1612 cedere
745 1552 1021 1628 possessionemque
1049 1553 1167 1612 tradere

112 1644 113 1648 ’
155 1642 256 1719 debet,
284 1642 310 1702 si
332 1661 385 1702 nec
409 1642 537 1717 mancipi
560 1642 607 1717 sit,
631 1641 744 1701 sufficit
767 1640 793 1700 si
815 1640 979 1700 tradiderit.
1021 1643 1114 1700 ..est
1136 1643 1168 1700 et

155 1731 209 1790 illa
238 1731 406 1790 differentia
432 1731 524 1790 huius
552 1733 582 1790 et
609 1749 663 1805 per
689 1728 921 1790 vindicationem
949 1729 1058 1807 legati,
1090 1729 1168 1805 quod

158 1819 184 1880 si
208 1820 310 1880 eadem
333 1838 381 1879 res
404 1819 519 1879 duobus
543 1818 717 1895 pluribusve
740 1836 794 1894 per
817 1818 1037 1877 damnationem
1067 1818 1168 1896 legata

156 1908 210 1988 sit,
233 1908 379 1986 siquidem
402 1908 598 1982 coniunctim,
627 1909 715 1984 plane
740 1906 866 1985 singulis
888 1909 988 1983 partes
1012 1906 1168 1982 debentur,

158 1997 238 2057 sicut
259 1997 290 2055 in
312 1997 365 2057 illo
389 1996 468 2071 quod
490 2015 544 2071 per
566 1995 796 2055 vindicationem
819 1996 953 2072 legatum
974 1997 1028 2070 est,
1052 1995 1169 2057 sivero

156 2084 342 2159 disiunctim,
373 2083 499 2162 singulis
523 2083 652 2143 solidum
675 2084 810 2145 debetur.
854 2084 899 2142 ita
921 2084 968 2160 fit,
995 2085 1031 2141 ut
1054 2083 1167 2143 seilicet

155 2173 242 2231 heres
259 2171 263 2178 ”
279 2172 368 2231 alteri
402 2191 478 2245 rem,
516 2172 605 2230 alteri
641 2172 879 2232 aestimationem
916 2171 978 2231 cius
1015 2175 1168 2247 praestare

155 2259 272 2321 debeat.
318 2265 349 2320 et
375 2260 407 2318 in
435 2259 600 2320 coniunctis
627 2260 791 2321 deficientis
813 2261 911 2336 portio
934 2279 993 2320 non
1017 2260 1055 2318 ad
1079 2261 1166 2320 colle·

157 2349 310 2428 guterium
328 2349 466 2426 pertinet,
486 2347 585 2409 sedin
604 2349 771 2409 hereditate
790 2352 933 2409 remanet.
968 2349 1047 2426 quod
1066 2353 1168 2408 autem

157 2437 286 2498 diximus
310 2437 474 2498 deficientis
496 2437 663 2514 portionem
685 2439 717 2497 in
735 2457 790 2514 per
807 2438 1028 2498 damnationem
1046 2438 1167 2515 quidem

155 2529 256 2606 legato
283 2527 316 2586 in
342 2527 509 2586 hereditate
537 2527 674 2606 retineri,
703 2527 735 2586 in
761 2545 816 2603 per
841 2526 1076 2587 vindicationem
1097 2545 1168 2586 vero

156 2616 349 2694 collegatario
389 2617 571 2693 adcrescere,
613 2615 792 2676 admonendi
828 2633 930 2675 sumus
968 2617 1037 2674 aute
1070 2616 1169 2694 legem

156 2705 280 2783 Papiam
301 2707 357 2766 hoc
376 2705 441 2765 iure
461 2706 541 2766 civili
559 2707 603 2765 ita
621 2706 726 2782 fuisse,
749 2707 818 2780 post
835 2705 933 2781 legem
951 2722 1021 2764 vero
1041 2703 1168 2780 Papiam

157 2795 321 2855 deficientis
348 2794 446 2870 portio
469 2794 581 2854 caduca
603 2793 638 2852 fit
662 2798 692 2853 et
715 2792 753 2852 ad
776 2812 825 2852 eos
849 2793 979 2869 pertinet
1002 2791 1054 2868 qui
1078 2791 1110 2850 in
1134 2811 1168 2852 eo

155 2886 335 2944 testamento
364 2883 474 2942 liberos
502 2883 623 2942 habent.
668 2885 699 2940 ct
727 2882 863 2958 quamvis
889 2881 987 2958 prima
1014 2898 1107 2940 causa
1130 2880 1169 2940 sit

157 2973 188 3031 in
211 2972 330 3032 caducis
354 2970 538 3032 vindicandis
559 2969 704 3029 heredum
725 2969 835 3029 liberos
853 2970 1038 3046 habentium,
1061 2969 1170 3028 deinde

156 3060 182 3120 si
217 3062 341 3120 heredes
378 3059 487 3118 liberos
522 3077 582 3118 non
621 3058 765 3134 habeant,
805 3059 1020 3137 legatariorum
1057 3057 1170 3116 liberos

158 3148 349 3226 habentium,
376 3152 476 3206 tamen
502 3147 570 3222 ipsa
596 3148 663 3225 lege
686 3148 782 3224 Papia
804 3147 1000 3226 significatur,
1023 3150 1058 3205 ut
1081 3146 1169 3205 colle·

159 3239 295 3314 gaterius
311 3236 496 3312 coniunctus,
515 3235 541 3296 si
558 3237 668 3296 liberos
686 3237 804 3309 habeat,
822 3236 922 3312 potior
940 3236 981 3296 sit
998 3233 1171 3310 heredibus,

159 3325 278 3384 etiamsi
299 3325 410 3383 liberos
432 3317 606 3384 habebunt'.
644 3323 709 3384 Gai.
726 3328 754 3398 2,
771 3327 953 3384 201—207.

244 3413 289 3470 De
307 3413 408 3488 legato
426 3431 480 3487 per
496 3412 716 3472 damnationem
730 3413 834 3473 relicto
849 3412 1012 3490 legatarius
1025 3412 1169 3472 heredem

156 3515 210 3571 per
242 3517 292 3558 aas
324 3503 355 3557 et
386 3499 495 3558 libram
525 3499 634 3559 liberat
665 3501 723 3576 ita,
754 3503 789 3559 ut
815 3501 901 3560 heres
927 3503 1108 3562 testamento
1137 3519 1169 3560 se
