<?xml version="1.0" encoding="UTF-8"?>
<!DOCTYPE html PUBLIC "-//W3C//DTD XHTML 1.0 Transitional//EN"
    "http://www.w3.org/TR/xhtml1/DTD/xhtml1-transitional.dtd">
<html xmlns="http://www.w3.org/1999/xhtml" xml:lang="en" lang="en">
 <head>
  <title>
</title>
<meta http-equiv="Content-Type" content="text/html;charset=utf-8" />
  <meta name='ocr-system' content='tesseract 3.04.00' />
  <meta name='ocr-capabilities' content='ocr_page ocr_carea ocr_par ocr_line ocrx_word'/>
</head>
<body>
  <div class='ocr_page' id='page_1' title='image "./iurisprudentiae04bremgoog_0298.png"; bbox 0 0 2580 3888; ppageno 0'>
   <div class='ocr_carea' id='block_1_1' title="bbox 152 163 1161 230">
    <p class='ocr_par' dir='ltr' id='par_1_1' title="bbox 152 163 1161 230">
     <span class='ocr_line' id='line_1_1' title="bbox 152 163 1161 230; baseline 0.002 -11"><span class='ocrx_word' id='word_1_1' title='bbox 152 164 216 230; x_wconf 84' lang='lat'><strong>308</strong></span> <span class='ocrx_word' id='word_1_2' title='bbox 253 166 274 222; x_wconf 95' lang='grc' dir='ltr'><strong>Ι.</strong></span> <span class='ocrx_word' id='word_1_3' title='bbox 297 165 452 220; x_wconf 80' lang='lat' dir='ltr'><strong>AETATIS</strong></span> <span class='ocrx_word' id='word_1_4' title='bbox 471 163 628 222; x_wconf 77' lang='lat' dir='ltr'>AUGUSTI</span> <span class='ocrx_word' id='word_1_5' title='bbox 646 165 693 220; x_wconf 88' lang='grc' dir='ltr'><strong>ΕΤ</strong></span> <span class='ocrx_word' id='word_1_6' title='bbox 713 164 848 220; x_wconf 82' lang='lat' dir='ltr'>TIBERII</span> <span class='ocrx_word' id='word_1_7' title='bbox 866 163 962 221; x_wconf 84' lang='lat' dir='ltr'><strong>IURIS</strong></span> <span class='ocrx_word' id='word_1_8' title='bbox 981 165 1161 222; x_wconf 85' lang='lat' dir='ltr'>CONSULTI</span> 
     </span>
    </p>
   </div>
   <div class='ocr_carea' id='block_1_2' title="bbox 149 328 1161 588">
    <p class='ocr_par' dir='ltr' id='par_1_2' title="bbox 149 328 1161 588">
     <span class='ocr_line' id='line_1_2' title="bbox 149 328 1161 415; baseline 0.001 -22"><span class='ocrx_word' id='word_1_9' title='bbox 149 332 186 394; x_wconf 90' lang='lat' dir='ltr'><strong>ut</strong></span> <span class='ocrx_word' id='word_1_10' title='bbox 217 329 403 412; x_wconf 82' lang='lat' dir='ltr'><strong>venderem,</strong></span> <span class='ocrx_word' id='word_1_11' title='bbox 436 329 491 394; x_wconf 91' lang='lat' dir='ltr'><strong>sed</strong></span> <span class='ocrx_word' id='word_1_12' title='bbox 524 329 602 394; x_wconf 89' lang='lat' dir='ltr'><strong>haec</strong></span> <span class='ocrx_word' id='word_1_13' title='bbox 635 351 732 394; x_wconf 86' lang='lat' dir='ltr'><strong>causa</strong></span> <span class='ocrx_word' id='word_1_14' title='bbox 764 328 828 394; x_wconf 83' lang='lat' dir='ltr'><strong>luit</strong></span> <span class='ocrx_word' id='word_1_15' title='bbox 854 328 1025 415; x_wconf 91' lang='lat' dir='ltr'><strong>vendendi,</strong></span> <span class='ocrx_word' id='word_1_16' title='bbox 1055 333 1092 394; x_wconf 92' lang='lat' dir='ltr'><strong>ut</strong></span> <span class='ocrx_word' id='word_1_17' title='bbox 1124 333 1161 394; x_wconf 88' lang='lat' dir='ltr'><strong>tu</strong></span> 
     </span>
     <span class='ocr_line' id='line_1_3' title="bbox 150 417 1161 503; baseline 0.002 -21"><span class='ocrx_word' id='word_1_18' title='bbox 150 418 298 497; x_wconf 88' lang='lat' dir='ltr'><strong>utereris,</strong></span> <span class='ocrx_word' id='word_1_19' title='bbox 326 417 388 482; x_wconf 88' lang='lat' dir='ltr'><strong>tibi</strong></span> <span class='ocrx_word' id='word_1_20' title='bbox 416 439 487 482; x_wconf 88' lang='lat' dir='ltr'><strong>eam</strong></span> <span class='ocrx_word' id='word_1_21' title='bbox 516 417 638 503; x_wconf 88' lang='lat' dir='ltr'><strong>perisse</strong></span> <span class='ocrx_word' id='word_1_22' title='bbox 664 420 711 499; x_wconf 90' lang='lat' dir='ltr'><strong>[et</strong></span> <span class='ocrx_word' id='word_1_23' title='bbox 738 417 876 482; x_wconf 88' lang='lat' dir='ltr'><strong>maxime</strong></span> <span class='ocrx_word' id='word_1_24' title='bbox 892 419 931 482; x_wconf 71' lang='lat' dir='ltr'><strong>‘si</strong></span> <span class='ocrx_word' id='word_1_25' title='bbox 959 418 1027 483; x_wconf 91' lang='lat' dir='ltr'><strong>sine</strong></span> <span class='ocrx_word' id='word_1_26' title='bbox 1054 419 1161 484; x_wconf 90' lang='lat' dir='ltr'><strong>usuris</strong></span> 
     </span>
     <span class='ocr_line' id='line_1_4' title="bbox 150 505 294 588; baseline -0.007 -17"><span class='ocrx_word' id='word_1_27' title='bbox 150 505 294 588; x_wconf 66' lang='lat' dir='ltr'><strong>credidi}</strong></span> 
     </span>
    </p>
   </div>
   <div class='ocr_carea' id='block_1_3' title="bbox 407 617 903 692">
    <p class='ocr_par' dir='ltr' id='par_1_3' title="bbox 407 617 903 692">
     <span class='ocr_line' id='line_1_5' title="bbox 407 617 903 692; baseline 0.006 -15"><span class='ocrx_word' id='word_1_28' title='bbox 407 617 452 678; x_wconf 87' lang='lat' dir='ltr'><strong>De</strong></span> <span class='ocrx_word' id='word_1_29' title='bbox 474 621 710 692; x_wconf 64' lang='lat' dir='ltr'><strong>consecremus</strong></span> <span class='ocrx_word' id='word_1_30' title='bbox 732 621 903 680; x_wconf 73' lang='lat' dir='ltr'><strong>membribus.</strong></span> 
     </span>
    </p>
   </div>
   <div class='ocr_carea' id='block_1_4' title="bbox 151 725 1162 1078">
    <p class='ocr_par' dir='ltr' id='par_1_4' title="bbox 151 725 1162 1078">
     <span class='ocr_line' id='line_1_6' title="bbox 239 725 1161 820; baseline 0.003 -28"><span class='ocrx_word' id='word_1_31' title='bbox 239 728 290 792; x_wconf 80' lang='lat'><strong>21.</strong></span> <span class='ocrx_word' id='word_1_32' title='bbox 315 725 386 794; x_wconf 83' lang='lat' dir='ltr'><strong>Gai.</strong></span> <span class='ocrx_word' id='word_1_33' title='bbox 403 731 433 814; x_wconf 82' lang='lat'><strong>3,</strong></span> <span class='ocrx_word' id='word_1_34' title='bbox 456 729 527 795; x_wconf 84' lang='lat'><strong>133.</strong></span> <span class='ocrx_word' id='word_1_35' title='bbox 555 765 596 774; x_wconf 96' lang='lat'>-</span> <span class='ocrx_word' id='word_1_36' title='bbox 625 727 900 813; x_wconf 86' lang='lat' dir='ltr'><strong>Transscripticiis</strong></span> <span class='ocrx_word' id='word_1_37' title='bbox 924 729 1161 820; x_wconf 88' lang='lat' dir='ltr'><strong>..nominibus</strong></span> 
     </span>
     <span class='ocr_line' id='line_1_7' title="bbox 154 817 1162 904; baseline 0.003 -24"><span class='ocrx_word' id='word_1_38' title='bbox 154 838 195 880; x_wconf 88' lang='lat' dir='ltr'><strong>an</strong></span> <span class='ocrx_word' id='word_1_39' title='bbox 224 817 407 900; x_wconf 80' lang='lat' dir='ltr'>obligentur</span> <span class='ocrx_word' id='word_1_40' title='bbox 434 817 612 903; x_wconf 84' lang='lat' dir='ltr'><strong>peregrini,</strong></span> <span class='ocrx_word' id='word_1_41' title='bbox 638 818 754 882; x_wconf 88' lang='lat' dir='ltr'><strong>merito</strong></span> <span class='ocrx_word' id='word_1_42' title='bbox 780 818 958 902; x_wconf 89' lang='lat' dir='ltr'><strong>quaeritur,</strong></span> <span class='ocrx_word' id='word_1_43' title='bbox 986 819 1062 901; x_wconf 92' lang='lat' dir='ltr'><strong>quia</strong></span> <span class='ocrx_word' id='word_1_44' title='bbox 1086 840 1162 904; x_wconf 92' lang='lat' dir='ltr'><strong>quo-</strong></span> 
     </span>
     <span class='ocr_line' id='line_1_8' title="bbox 151 904 1160 1078; baseline 0.003 -108"><span class='ocrx_word' id='word_1_45' title='bbox 151 904 323 1078; x_wconf 56' lang='lat' dir='ltr'><strong>diffiido</strong></span> <span class='ocrx_word' id='word_1_46' title='bbox 346 906 426 971; x_wconf 90' lang='lat' dir='ltr'><strong>iuris</strong></span> <span class='ocrx_word' id='word_1_47' title='bbox 448 907 549 972; x_wconf 88' lang='lat' dir='ltr'><strong>civilis</strong></span> <span class='ocrx_word' id='word_1_48' title='bbox 569 909 618 970; x_wconf 86' lang='lat' dir='ltr'><strong>est</strong></span> <span class='ocrx_word' id='word_1_49' title='bbox 637 907 713 970; x_wconf 87' lang='lat' dir='ltr'><strong>talis</strong></span> <span class='ocrx_word' id='word_1_50' title='bbox 733 906 904 992; x_wconf 76' lang='lat' dir='ltr'><strong>obligatio,</strong></span> <span class='ocrx_word' id='word_1_51' title='bbox 928 907 1013 991; x_wconf 90' lang='lat' dir='ltr'><strong>quod</strong></span> <span class='ocrx_word' id='word_1_52' title='bbox 1032 905 1160 973; x_wconf 90' lang='lat' dir='ltr'><strong>Nervae</strong></span> 
     </span>
    </p>
   </div>
   <div class='ocr_carea' id='block_1_5' title="bbox 457 1107 852 1181">
    <p class='ocr_par' dir='ltr' id='par_1_5' title="bbox 457 1107 852 1181">
     <span class='ocr_line' id='line_1_9' title="bbox 457 1107 852 1181; baseline 0 -15"><span class='ocrx_word' id='word_1_53' title='bbox 457 1107 505 1166; x_wconf 88' lang='lat' dir='ltr'><strong>Dc</strong></span> <span class='ocrx_word' id='word_1_54' title='bbox 527 1109 664 1181; x_wconf 78' lang='lat' dir='ltr'><strong>emptione</strong></span> <span class='ocrx_word' id='word_1_55' title='bbox 686 1109 852 1167; x_wconf 72' lang='lat' dir='ltr'><em>venditione.</em></span> 
     </span>
    </p>
   </div>
   <div class='ocr_carea' id='block_1_6' title="bbox 149 1215 1158 1391">
    <p class='ocr_par' dir='ltr' id='par_1_6' title="bbox 149 1215 1158 1391">
     <span class='ocr_line' id='line_1_10' title="bbox 238 1215 1158 1302; baseline 0.003 -23"><span class='ocrx_word' id='word_1_56' title='bbox 238 1215 290 1281; x_wconf 76' lang='lat'><strong>22.</strong></span> <span class='ocrx_word' id='word_1_57' title='bbox 319 1215 356 1280; x_wconf 91' lang='lat' dir='ltr'><strong>D.</strong></span> <span class='ocrx_word' id='word_1_58' title='bbox 377 1217 428 1296; x_wconf 88' lang='grc'><strong>18,</strong></span> <span class='ocrx_word' id='word_1_59' title='bbox 442 1217 472 1298; x_wconf 82' lang='grc'><strong>2,</strong></span> <span class='ocrx_word' id='word_1_60' title='bbox 489 1215 538 1300; x_wconf 90' lang='grc'><strong>14,</strong></span> <span class='ocrx_word' id='word_1_61' title='bbox 554 1217 581 1281; x_wconf 94' lang='grc'><strong>1.</strong></span> <span class='ocrx_word' id='word_1_62' title='bbox 619 1217 736 1282; x_wconf 88' lang='lat' dir='ltr'><strong>Paulus</strong></span> <span class='ocrx_word' id='word_1_63' title='bbox 760 1218 845 1282; x_wconf 91' lang='lat' dir='ltr'><strong>libro</strong></span> <span class='ocrx_word' id='word_1_64' title='bbox 869 1219 980 1302; x_wconf 87' lang='lat' dir='ltr'><strong>quinto</strong></span> <span class='ocrx_word' id='word_1_65' title='bbox 1004 1217 1043 1282; x_wconf 92' lang='lat' dir='ltr'><strong>ad</strong></span> <span class='ocrx_word' id='word_1_66' title='bbox 1068 1215 1158 1284; x_wconf 80' lang='lat' dir='ltr'><strong>Sabi·</strong></span> 
     </span>
     <span class='ocr_line' id='line_1_11' title="bbox 149 1301 1158 1391; baseline 0.004 -23"><span class='ocrx_word' id='word_1_67' title='bbox 149 1327 225 1368; x_wconf 90' lang='lat' dir='ltr'><strong>num</strong></span> <span class='ocrx_word' id='word_1_68' title='bbox 250 1301 300 1389; x_wconf 88' lang='grc' dir='ltr'><strong>(Ρ.</strong></span> <span class='ocrx_word' id='word_1_69' title='bbox 316 1301 424 1391; x_wconf 79' lang='grc'><strong>1704).</strong></span> <span class='ocrx_word' id='word_1_70' title='bbox 451 1341 489 1352; x_wconf 93' lang='lat'><em>-</em></span> <span class='ocrx_word' id='word_1_71' title='bbox 590 1306 618 1370; x_wconf 88' lang='lat' dir='ltr'><strong>si</strong></span> <span class='ocrx_word' id='word_1_72' title='bbox 646 1310 771 1390; x_wconf 89' lang='lat' dir='ltr'><strong>emptor</strong></span> <span class='ocrx_word' id='word_1_73' title='bbox 798 1306 897 1370; x_wconf 90' lang='lat' dir='ltr'><strong>alium</strong></span> <span class='ocrx_word' id='word_1_74' title='bbox 920 1327 985 1370; x_wconf 91' lang='lat' dir='ltr'><strong>non</strong></span> <span class='ocrx_word' id='word_1_75' title='bbox 1008 1306 1158 1372; x_wconf 90' lang='lat' dir='ltr'><strong>idoneum</strong></span> 
     </span>
    </p>
   </div>
   <div class='ocr_carea' id='block_1_7' title="bbox 150 1393 1269 1481">
    <p class='ocr_par' dir='ltr' id='par_1_7' title="bbox 150 1393 1269 1481">
     <span class='ocr_line' id='line_1_12' title="bbox 150 1393 1269 1481; baseline 0.003 -24"><span class='ocrx_word' id='word_1_76' title='bbox 150 1394 286 1457; x_wconf 87' lang='lat' dir='ltr'><strong>subiecit</strong></span> <span class='ocrx_word' id='word_1_77' title='bbox 313 1395 403 1477; x_wconf 89' lang='lat' dir='ltr'><strong>eique</strong></span> <span class='ocrx_word' id='word_1_78' title='bbox 431 1393 548 1460; x_wconf 88' lang='lat' dir='ltr'><strong>fundus</strong></span> <span class='ocrx_word' id='word_1_79' title='bbox 572 1393 716 1459; x_wconf 85' lang='lat' dir='ltr'><strong>addictus</strong></span> <span class='ocrx_word' id='word_1_80' title='bbox 740 1398 803 1481; x_wconf 88' lang='lat' dir='ltr'><strong>est,</strong></span> <span class='ocrx_word' id='word_1_81' title='bbox 832 1416 896 1459; x_wconf 91' lang='lat' dir='ltr'><strong>non</strong></span> <span class='ocrx_word' id='word_1_82' title='bbox 919 1395 1025 1478; x_wconf 91' lang='lat' dir='ltr'><strong>video,</strong></span> <span class='ocrx_word' id='word_1_83' title='bbox 1052 1397 1158 1480; x_wconf 91' lang='lat' dir='ltr'><strong>inquit</strong></span> <span class='ocrx_word' id='word_1_84' title='bbox 1259 1402 1269 1413; x_wconf 76' lang='lat'><strong><em>‘</em></strong></span> 
     </span>
    </p>
   </div>
   <div class='ocr_carea' id='block_1_8' title="bbox 149 1480 1159 1744">
    <p class='ocr_par' dir='ltr' id='par_1_8' title="bbox 149 1480 1159 1744">
     <span class='ocr_line' id='line_1_13' title="bbox 150 1480 1159 1568; baseline 0.004 -22"><span class='ocrx_word' id='word_1_85' title='bbox 150 1480 351 1568; x_wconf 78' lang='lat' dir='ltr'><strong>(Sabinusl),</strong></span> <span class='ocrx_word' id='word_1_86' title='bbox 375 1483 643 1565; x_wconf 87' lang='lat' dir='ltr'><strong>quemadmodum</strong></span> <span class='ocrx_word' id='word_1_87' title='bbox 663 1484 763 1568; x_wconf 86' lang='lat' dir='ltr'><strong>priori</strong></span> <span class='ocrx_word' id='word_1_88' title='bbox 782 1485 825 1549; x_wconf 89' lang='lat' dir='ltr'><strong>sit</strong></span> <span class='ocrx_word' id='word_1_89' title='bbox 844 1487 981 1568; x_wconf 89' lang='lat' dir='ltr'><strong>emptus,</strong></span> <span class='ocrx_word' id='word_1_90' title='bbox 1002 1505 1075 1548; x_wconf 89' lang='lat' dir='ltr'><strong>cum</strong></span> <span class='ocrx_word' id='word_1_91' title='bbox 1095 1485 1159 1550; x_wconf 88' lang='lat' dir='ltr'><strong>alia</strong></span> 
     </span>
     <span class='ocr_line' id='line_1_14' title="bbox 149 1570 1159 1655; baseline 0.003 -20"><span class='ocrx_word' id='word_1_92' title='bbox 149 1570 292 1635; x_wconf 78' lang='lat' dir='ltr'><strong>venditio</strong></span> <span class='ocrx_word' id='word_1_93' title='bbox 316 1573 349 1634; x_wconf 89' lang='lat' dir='ltr'><strong>et</strong></span> <span class='ocrx_word' id='word_1_94' title='bbox 372 1592 448 1636; x_wconf 89' lang='lat' dir='ltr'><strong>vera</strong></span> <span class='ocrx_word' id='word_1_95' title='bbox 470 1575 583 1655; x_wconf 83' lang='lat' dir='ltr'><strong>postea</strong></span> <span class='ocrx_word' id='word_1_96' title='bbox 607 1573 777 1638; x_wconf 87' lang='lat' dir='ltr'><strong>subsecuta</strong></span> <span class='ocrx_word' id='word_1_97' title='bbox 800 1572 851 1637; x_wconf 91' lang='lat' dir='ltr'><strong>sit.</strong></span> <span class='ocrx_word' id='word_1_98' title='bbox 896 1573 950 1636; x_wconf 91' lang='lat' dir='ltr'><strong>sed</strong></span> <span class='ocrx_word' id='word_1_99' title='bbox 974 1594 1085 1638; x_wconf 90' lang='lat' dir='ltr'><strong>verum</strong></span> <span class='ocrx_word' id='word_1_100' title='bbox 1109 1577 1159 1638; x_wconf 89' lang='lat' dir='ltr'><strong>est</strong></span> 
     </span>
     <span class='ocr_line' id='line_1_15' title="bbox 150 1658 1158 1744; baseline 0.006 -22"><span class='ocrx_word' id='word_1_101' title='bbox 150 1658 349 1723; x_wconf 88' lang='lat' dir='ltr'><strong>venditorem</strong></span> <span class='ocrx_word' id='word_1_102' title='bbox 372 1659 541 1744; x_wconf 89' lang='lat' dir='ltr'><strong>deceptum</strong></span> <span class='ocrx_word' id='word_1_103' title='bbox 561 1682 599 1725; x_wconf 89' lang='lat' dir='ltr'><strong>ex</strong></span> <span class='ocrx_word' id='word_1_104' title='bbox 617 1661 747 1727; x_wconf 86' lang='lat' dir='ltr'><strong>vendito</strong></span> <span class='ocrx_word' id='word_1_105' title='bbox 769 1661 928 1727; x_wconf 76' lang='lat' dir='ltr'><strong>actionem</strong></span> <span class='ocrx_word' id='word_1_106' title='bbox 947 1661 1066 1726; x_wconf 88' lang='lat' dir='ltr'><strong>babere</strong></span> <span class='ocrx_word' id='word_1_107' title='bbox 1084 1684 1158 1728; x_wconf 91' lang='lat' dir='ltr'><strong>cum</strong></span> 
     </span>
    </p>
   </div>
   <div class='ocr_carea' id='block_1_9' title="bbox 148 1743 1279 1836">
    <p class='ocr_par' dir='ltr' id='par_1_9' title="bbox 148 1743 1279 1836">
     <span class='ocr_line' id='line_1_16' title="bbox 148 1743 1279 1836; baseline 0.005 -26"><span class='ocrx_word' id='word_1_108' title='bbox 148 1748 255 1832; x_wconf 90' lang='lat' dir='ltr'><strong>priore</strong></span> <span class='ocrx_word' id='word_1_109' title='bbox 275 1751 428 1831; x_wconf 86' lang='lat' dir='ltr'><strong>emptore,</strong></span> <span class='ocrx_word' id='word_1_110' title='bbox 446 1749 560 1833; x_wconf 86' lang='lat' dir='ltr'><strong>quanti</strong></span> <span class='ocrx_word' id='word_1_111' title='bbox 579 1772 637 1815; x_wconf 89' lang='lat' dir='ltr'><strong>sua</strong></span> <span class='ocrx_word' id='word_1_112' title='bbox 655 1750 785 1814; x_wconf 89' lang='lat' dir='ltr'><strong>intersit</strong></span> <span class='ocrx_word' id='word_1_113' title='bbox 802 1751 835 1814; x_wconf 93' lang='lat' dir='ltr'><strong>id</strong></span> <span class='ocrx_word' id='word_1_114' title='bbox 854 1771 919 1814; x_wconf 92' lang='lat' dir='ltr'><strong>non</strong></span> <span class='ocrx_word' id='word_1_115' title='bbox 939 1771 1007 1815; x_wconf 88' lang='lat' dir='ltr'><strong>esse</strong></span> <span class='ocrx_word' id='word_1_116' title='bbox 1026 1751 1158 1836; x_wconf 87' lang='lat' dir='ltr'><strong>factum,</strong></span> <span class='ocrx_word' id='word_1_117' title='bbox 1278 1743 1279 1794; x_wconf 83' lang='lat' dir='ltr'><strong>l</strong></span> 
     </span>
    </p>
   </div>
   <div class='ocr_carea' id='block_1_10' title="bbox 147 1838 1157 2365">
    <p class='ocr_par' dir='ltr' id='par_1_10' title="bbox 149 1838 1157 2100">
     <span class='ocr_line' id='line_1_17' title="bbox 150 1838 1157 1924; baseline 0.005 -25"><span class='ocrx_word' id='word_1_118' title='bbox 150 1857 208 1920; x_wconf 90' lang='lat' dir='ltr'><strong>per</strong></span> <span class='ocrx_word' id='word_1_119' title='bbox 231 1858 327 1920; x_wconf 88' lang='lat' dir='ltr'><strong>quam</strong></span> <span class='ocrx_word' id='word_1_120' title='bbox 347 1838 505 1903; x_wconf 89' lang='lat' dir='ltr'><strong>actionem</strong></span> <span class='ocrx_word' id='word_1_121' title='bbox 530 1843 563 1904; x_wconf 90' lang='lat' dir='ltr'><strong>et</strong></span> <span class='ocrx_word' id='word_1_122' title='bbox 580 1838 713 1923; x_wconf 89' lang='lat' dir='ltr'><strong>fructus,</strong></span> <span class='ocrx_word' id='word_1_123' title='bbox 737 1860 817 1922; x_wconf 89' lang='lat' dir='ltr'><strong>quos</strong></span> <span class='ocrx_word' id='word_1_124' title='bbox 836 1838 926 1923; x_wconf 93' lang='lat' dir='ltr'><strong>prior</strong></span> <span class='ocrx_word' id='word_1_125' title='bbox 943 1842 1070 1924; x_wconf 86' lang='lat' dir='ltr'><strong>emptor</strong></span> <span class='ocrx_word' id='word_1_126' title='bbox 1088 1862 1157 1924; x_wconf 90' lang='lat' dir='ltr'><strong>per·</strong></span> 
     </span>
     <span class='ocr_line' id='line_1_18' title="bbox 150 1926 1156 2012; baseline 0.005 -23"><span class='ocrx_word' id='word_1_127' title='bbox 150 1928 270 2009; x_wconf 88' lang='lat' dir='ltr'><strong>ceperit</strong></span> <span class='ocrx_word' id='word_1_128' title='bbox 284 1928 317 1989; x_wconf 91' lang='lat' dir='ltr'><strong>et</strong></span> <span class='ocrx_word' id='word_1_129' title='bbox 331 1947 394 2010; x_wconf 90' lang='lat' dir='ltr'><strong>quo</strong></span> <span class='ocrx_word' id='word_1_130' title='bbox 409 1926 549 1991; x_wconf 87' lang='lat' dir='ltr'><strong>deterior</strong></span> <span class='ocrx_word' id='word_1_131' title='bbox 563 1948 615 1992; x_wconf 90' lang='lat' dir='ltr'><strong>res</strong></span> <span class='ocrx_word' id='word_1_132' title='bbox 630 1928 785 2012; x_wconf 88' lang='lat' dir='ltr'><strong>culpavel</strong></span> <span class='ocrx_word' id='word_1_133' title='bbox 800 1927 875 1992; x_wconf 92' lang='lat' dir='ltr'><strong>dolo</strong></span> <span class='ocrx_word' id='word_1_134' title='bbox 890 1928 976 1992; x_wconf 87' lang='lat' dir='ltr'><strong>malo</strong></span> <span class='ocrx_word' id='word_1_135' title='bbox 990 1928 1059 1992; x_wconf 90' lang='lat' dir='ltr'><strong>eius</strong></span> <span class='ocrx_word' id='word_1_136' title='bbox 1068 1929 1156 1994; x_wconf 86' lang='lat' dir='ltr'><strong>facta</strong></span> 
     </span>
     <span class='ocr_line' id='line_1_19' title="bbox 149 2013 1156 2100; baseline 0.008 -25"><span class='ocrx_word' id='word_1_137' title='bbox 149 2013 202 2096; x_wconf 90' lang='lat' dir='ltr'><strong>sit,</strong></span> <span class='ocrx_word' id='word_1_138' title='bbox 224 2013 359 2097; x_wconf 82' lang='lat' dir='ltr'><strong>recipiet</strong></span> <span class='ocrx_word' id='word_1_139' title='bbox 380 2015 534 2080; x_wconf 90' lang='lat' dir='ltr'><strong>venditor.</strong></span> <span class='ocrx_word' id='word_1_140' title='bbox 571 2021 605 2080; x_wconf 89' lang='lat' dir='ltr'><strong>et</strong></span> <span class='ocrx_word' id='word_1_141' title='bbox 622 2017 669 2079; x_wconf 90' lang='lat' dir='ltr'><strong>ita</strong></span> <span class='ocrx_word' id='word_1_142' title='bbox 687 2015 829 2080; x_wconf 84' lang='lat' dir='ltr'><strong>Labeoni</strong></span> <span class='ocrx_word' id='word_1_143' title='bbox 847 2020 880 2080; x_wconf 92' lang='lat' dir='ltr'><strong>et</strong></span> <span class='ocrx_word' id='word_1_144' title='bbox 897 2014 1024 2082; x_wconf 88' lang='lat' dir='ltr'><strong>Nervae</strong></span> <span class='ocrx_word' id='word_1_145' title='bbox 1043 2018 1156 2100; x_wconf 87' lang='lat' dir='ltr'><strong>placet</strong></span> 
     </span>
    </p>

    <p class='ocr_par' dir='ltr' id='par_1_11' title="bbox 147 2103 1157 2365">
     <span class='ocr_line' id='line_1_20' title="bbox 237 2103 1155 2190; baseline 0.005 -24"><span class='ocrx_word' id='word_1_146' title='bbox 237 2103 290 2167; x_wconf 83' lang='lat'><strong>23.</strong></span> <span class='ocrx_word' id='word_1_147' title='bbox 314 2103 351 2168; x_wconf 91' lang='lat' dir='ltr'><strong>D.</strong></span> <span class='ocrx_word' id='word_1_148' title='bbox 367 2103 418 2186; x_wconf 89' lang='lat'><strong>18,</strong></span> <span class='ocrx_word' id='word_1_149' title='bbox 433 2103 461 2188; x_wconf 98' lang='grc'><strong>1,</strong></span> <span class='ocrx_word' id='word_1_150' title='bbox 476 2103 517 2168; x_wconf 78' lang='grc'><strong>57</strong></span> <span class='ocrx_word' id='word_1_151' title='bbox 529 2126 574 2186; x_wconf 89' lang='lat' dir='ltr'><strong>pr.</strong></span> <span class='ocrx_word' id='word_1_152' title='bbox 606 2103 726 2170; x_wconf 89' lang='lat' dir='ltr'><strong>Paulus</strong></span> <span class='ocrx_word' id='word_1_153' title='bbox 744 2105 829 2170; x_wconf 93' lang='lat' dir='ltr'><strong>libro</strong></span> <span class='ocrx_word' id='word_1_154' title='bbox 849 2106 962 2190; x_wconf 88' lang='lat' dir='ltr'><strong>quinto</strong></span> <span class='ocrx_word' id='word_1_155' title='bbox 979 2106 1019 2170; x_wconf 88' lang='lat' dir='ltr'><strong>ad</strong></span> <span class='ocrx_word' id='word_1_156' title='bbox 1033 2105 1155 2171; x_wconf 85' lang='lat' dir='ltr'><strong>Plauti·</strong></span> 
     </span>
     <span class='ocr_line' id='line_1_21' title="bbox 148 2187 1157 2280; baseline 0.006 -26"><span class='ocrx_word' id='word_1_157' title='bbox 148 2213 203 2254; x_wconf 90' lang='lat' dir='ltr'><strong>um</strong></span> <span class='ocrx_word' id='word_1_158' title='bbox 230 2187 279 2276; x_wconf 90' lang='lat' dir='ltr'><strong>(P.</strong></span> <span class='ocrx_word' id='word_1_159' title='bbox 300 2189 409 2278; x_wconf 84' lang='lat'><strong>1116).</strong></span> <span class='ocrx_word' id='word_1_160' title='bbox 434 2227 472 2238; x_wconf 94' lang='lat'><em>-</em></span> <span class='ocrx_word' id='word_1_161' title='bbox 498 2191 638 2257; x_wconf 90' lang='lat' dir='ltr'><strong>Domum</strong></span> <span class='ocrx_word' id='word_1_162' title='bbox 665 2193 741 2275; x_wconf 90' lang='lat' dir='ltr'><strong>emi,</strong></span> <span class='ocrx_word' id='word_1_163' title='bbox 773 2215 844 2258; x_wconf 89' lang='lat' dir='ltr'><strong>cum</strong></span> <span class='ocrx_word' id='word_1_164' title='bbox 877 2215 948 2258; x_wconf 88' lang='lat' dir='ltr'><strong>eam</strong></span> <span class='ocrx_word' id='word_1_165' title='bbox 976 2200 1009 2259; x_wconf 90' lang='lat' dir='ltr'><strong>et</strong></span> <span class='ocrx_word' id='word_1_166' title='bbox 1036 2215 1095 2280; x_wconf 81' lang='lat' dir='ltr'><strong>ego</strong></span> <span class='ocrx_word' id='word_1_167' title='bbox 1123 2198 1157 2260; x_wconf 91' lang='grc'><strong>61</strong></span> 
     </span>
     <span class='ocr_line' id='line_1_22' title="bbox 147 2279 1156 2365; baseline 0.006 -22"><span class='ocrx_word' id='word_1_168' title='bbox 147 2279 296 2344; x_wconf 89' lang='lat' dir='ltr'><strong>venditor</strong></span> <span class='ocrx_word' id='word_1_169' title='bbox 336 2281 537 2345; x_wconf 82' lang='lat' dir='ltr'><strong>combustam</strong></span> <span class='ocrx_word' id='word_1_170' title='bbox 577 2281 808 2365; x_wconf 85' lang='lat' dir='ltr'><strong>ignoraremus.</strong></span> <span class='ocrx_word' id='word_1_171' title='bbox 870 2280 977 2346; x_wconf 89' lang='lat' dir='ltr'><strong>Nerva</strong></span> <span class='ocrx_word' id='word_1_172' title='bbox 1018 2281 1156 2349; x_wconf 82' lang='lat' dir='ltr'><strong>Sabinus</strong></span> 
     </span>
    </p>
   </div>
   <div class='ocr_carea' id='block_1_11' title="bbox 149 2364 1274 2456">
    <p class='ocr_par' dir='ltr' id='par_1_12' title="bbox 149 2364 1274 2456">
     <span class='ocr_line' id='line_1_23' title="bbox 149 2364 1274 2456; baseline 0.007 -26"><span class='ocrx_word' id='word_1_173' title='bbox 149 2364 279 2432; x_wconf 78' lang='lat' dir='ltr'><strong>Cassius</strong></span> <span class='ocrx_word' id='word_1_174' title='bbox 301 2369 384 2433; x_wconf 94' lang='lat' dir='ltr'><strong>nihil</strong></span> <span class='ocrx_word' id='word_1_175' title='bbox 402 2368 534 2449; x_wconf 87' lang='lat' dir='ltr'><strong>venisse,</strong></span> <span class='ocrx_word' id='word_1_176' title='bbox 557 2371 702 2454; x_wconf 87' lang='lat' dir='ltr'><strong>quamvis</strong></span> <span class='ocrx_word' id='word_1_177' title='bbox 722 2393 796 2436; x_wconf 88' lang='lat' dir='ltr'><strong>area</strong></span> <span class='ocrx_word' id='word_1_178' title='bbox 816 2376 954 2454; x_wconf 88' lang='lat' dir='ltr'><strong>maneat,</strong></span> <span class='ocrx_word' id='word_1_179' title='bbox 972 2373 1157 2456; x_wconf 88' lang='lat' dir='ltr'><strong>pecuniam·</strong></span> <span class='ocrx_word' id='word_1_180' title='bbox 1268 2395 1274 2407; x_wconf 83' lang='lat'><em>&#39;</em></span> 
     </span>
    </p>
   </div>
   <div class='ocr_carea' id='block_1_12' title="bbox 147 2456 1156 2812">
    <p class='ocr_par' dir='ltr' id='par_1_13' title="bbox 149 2456 755 2543">
     <span class='ocr_line' id='line_1_24' title="bbox 149 2456 755 2543; baseline 0.008 -24"><span class='ocrx_word' id='word_1_181' title='bbox 149 2477 210 2539; x_wconf 92' lang='lat' dir='ltr'><strong>que</strong></span> <span class='ocrx_word' id='word_1_182' title='bbox 230 2456 369 2521; x_wconf 87' lang='lat' dir='ltr'><strong>solutam</strong></span> <span class='ocrx_word' id='word_1_183' title='bbox 394 2458 517 2523; x_wconf 84' lang='lat' dir='ltr'><strong>condiri</strong></span> <span class='ocrx_word' id='word_1_184' title='bbox 539 2479 634 2543; x_wconf 87' lang='lat' dir='ltr'><strong>posse</strong></span> <span class='ocrx_word' id='word_1_185' title='bbox 658 2460 755 2524; x_wconf 86' lang='lat' dir='ltr'><strong>aiunt.</strong></span> 
     </span>
    </p>

    <p class='ocr_par' dir='ltr' id='par_1_14' title="bbox 147 2545 1156 2812">
     <span class='ocr_line' id='line_1_25' title="bbox 237 2545 1155 2634; baseline 0.008 -26"><span class='ocrx_word' id='word_1_186' title='bbox 237 2545 289 2609; x_wconf 76' lang='lat'><strong>24.</strong></span> <span class='ocrx_word' id='word_1_187' title='bbox 312 2545 350 2611; x_wconf 91' lang='lat' dir='ltr'><strong>D.</strong></span> <span class='ocrx_word' id='word_1_188' title='bbox 366 2547 461 2631; x_wconf 81' lang='lat'><strong>20,4,</strong></span> <span class='ocrx_word' id='word_1_189' title='bbox 477 2549 527 2612; x_wconf 83' lang='lat'><strong>13.</strong></span> <span class='ocrx_word' id='word_1_190' title='bbox 559 2547 678 2613; x_wconf 88' lang='lat' dir='ltr'><strong>Paulus</strong></span> <span class='ocrx_word' id='word_1_191' title='bbox 696 2549 780 2614; x_wconf 88' lang='lat' dir='ltr'><strong>libro</strong></span> <span class='ocrx_word' id='word_1_192' title='bbox 800 2549 913 2634; x_wconf 89' lang='lat' dir='ltr'><strong>quinto</strong></span> <span class='ocrx_word' id='word_1_193' title='bbox 933 2549 972 2613; x_wconf 89' lang='lat' dir='ltr'><strong>ad</strong></span> <span class='ocrx_word' id='word_1_194' title='bbox 991 2549 1155 2615; x_wconf 88' lang='lat' dir='ltr'><strong>Plautium</strong></span> 
     </span>
     <span class='ocr_line' id='line_1_26' title="bbox 150 2630 1156 2721; baseline 0.008 -25"><span class='ocrx_word' id='word_1_195' title='bbox 150 2630 201 2720; x_wconf 91' lang='lat' dir='ltr'><strong>(P.</strong></span> <span class='ocrx_word' id='word_1_196' title='bbox 217 2632 325 2721; x_wconf 87' lang='lat'><strong>1118).</strong></span> <span class='ocrx_word' id='word_1_197' title='bbox 343 2671 387 2682; x_wconf 93' lang='lat'><strong>-—</strong></span> <span class='ocrx_word' id='word_1_198' title='bbox 406 2634 550 2700; x_wconf 87' lang='lat' dir='ltr'><strong>Insulam</strong></span> <span class='ocrx_word' id='word_1_199' title='bbox 572 2637 633 2702; x_wconf 89' lang='lat' dir='ltr'><strong>tibi</strong></span> <span class='ocrx_word' id='word_1_200' title='bbox 655 2637 784 2703; x_wconf 87' lang='lat' dir='ltr'><strong>vendidi</strong></span> <span class='ocrx_word' id='word_1_201' title='bbox 807 2641 840 2702; x_wconf 90' lang='lat' dir='ltr'><strong>et</strong></span> <span class='ocrx_word' id='word_1_202' title='bbox 858 2638 923 2702; x_wconf 82' lang='lat' dir='ltr'><strong>dixi</strong></span> <span class='ocrx_word' id='word_1_203' title='bbox 941 2638 1060 2721; x_wconf 89' lang='lat' dir='ltr'><strong>prioris</strong></span> <span class='ocrx_word' id='word_1_204' title='bbox 1079 2640 1156 2704; x_wconf 91' lang='lat' dir='ltr'><strong>anni</strong></span> 
     </span>
     <span class='ocr_line' id='line_1_27' title="bbox 147 2723 1156 2812; baseline 0.006 -25"><span class='ocrx_word' id='word_1_205' title='bbox 147 2723 335 2806; x_wconf 88' lang='lat' dir='ltr'><strong>pensionem</strong></span> <span class='ocrx_word' id='word_1_206' title='bbox 353 2724 441 2803; x_wconf 92' lang='lat' dir='ltr'><strong>mihi,</strong></span> <span class='ocrx_word' id='word_1_207' title='bbox 460 2726 662 2810; x_wconf 90' lang='lat' dir='ltr'><strong>sequentium</strong></span> <span class='ocrx_word' id='word_1_208' title='bbox 679 2727 740 2791; x_wconf 87' lang='lat' dir='ltr'><strong>tibi</strong></span> <span class='ocrx_word' id='word_1_209' title='bbox 755 2748 954 2793; x_wconf 86' lang='lat' dir='ltr'><strong>accessuram</strong></span> <span class='ocrx_word' id='word_1_210' title='bbox 969 2728 1156 2812; x_wconf 83' lang='lat' dir='ltr'><strong>pignorum·</strong></span> 
     </span>
    </p>
   </div>
   <div class='ocr_carea' id='block_1_13' title="bbox 52 2811 1154 2902">
    <p class='ocr_par' dir='ltr' id='par_1_15' title="bbox 52 2811 1154 2902">
     <span class='ocr_line' id='line_1_28' title="bbox 52 2811 1154 2902; baseline 0.013 -34"><span class='ocrx_word' id='word_1_211' title='bbox 52 2861 55 2868; x_wconf 93' lang='grc'><strong>,</strong></span> <span class='ocrx_word' id='word_1_212' title='bbox 149 2833 210 2894; x_wconf 93' lang='lat' dir='ltr'><strong>que</strong></span> <span class='ocrx_word' id='word_1_213' title='bbox 243 2811 284 2876; x_wconf 88' lang='lat' dir='ltr'><strong>ab</strong></span> <span class='ocrx_word' id='word_1_214' title='bbox 316 2811 475 2896; x_wconf 90' lang='lat' dir='ltr'><strong>inquilino</strong></span> <span class='ocrx_word' id='word_1_215' title='bbox 508 2814 655 2879; x_wconf 89' lang='lat' dir='ltr'><strong>datorum</strong></span> <span class='ocrx_word' id='word_1_216' title='bbox 685 2815 735 2880; x_wconf 90' lang='lat' dir='ltr'><strong>ius</strong></span> <span class='ocrx_word' id='word_1_217' title='bbox 762 2818 933 2902; x_wconf 88' lang='lat' dir='ltr'><strong>utmmque</strong></span> <span class='ocrx_word' id='word_1_218' title='bbox 962 2820 1154 2882; x_wconf 89' lang='lat' dir='ltr'><strong>secuturum.</strong></span> 
     </span>
    </p>
   </div>
   <div class='ocr_carea' id='block_1_14' title="bbox 147 2897 1156 3614">
    <p class='ocr_par' dir='ltr' id='par_1_16' title="bbox 147 2897 1156 3341">
     <span class='ocr_line' id='line_1_29' title="bbox 147 2897 1156 2991; baseline 0.008 -28"><span class='ocrx_word' id='word_1_219' title='bbox 147 2897 256 2964; x_wconf 89' lang='lat' dir='ltr'><strong>Nerva</strong></span> <span class='ocrx_word' id='word_1_220' title='bbox 279 2901 445 2984; x_wconf 87' lang='lat' dir='ltr'><strong>Proculus,</strong></span> <span class='ocrx_word' id='word_1_221' title='bbox 467 2902 530 2967; x_wconf 88' lang='lat' dir='ltr'><strong>nisi</strong></span> <span class='ocrx_word' id='word_1_222' title='bbox 553 2902 592 2966; x_wconf 87' lang='lat' dir='ltr'><strong>ad</strong></span> <span class='ocrx_word' id='word_1_223' title='bbox 617 2905 784 2987; x_wconf 91' lang='lat' dir='ltr'><strong>utramque</strong></span> <span class='ocrx_word' id='word_1_224' title='bbox 807 2907 993 2989; x_wconf 87' lang='lat' dir='ltr'><strong>pensionem</strong></span> <span class='ocrx_word' id='word_1_225' title='bbox 1016 2906 1156 2991; x_wconf 82' lang='lat' dir='ltr'><strong>pignora</strong></span> 
     </span>
     <span class='ocr_line' id='line_1_30' title="bbox 149 2988 1155 3076; baseline 0.006 -23"><span class='ocrx_word' id='word_1_226' title='bbox 149 2988 344 3074; x_wconf 89' lang='lat' dir='ltr'><strong>sufficerent,</strong></span> <span class='ocrx_word' id='word_1_227' title='bbox 380 2989 447 3054; x_wconf 89' lang='lat' dir='ltr'><strong>ius&#39;</strong></span> <span class='ocrx_word' id='word_1_228' title='bbox 467 2991 612 3054; x_wconf 90' lang='lat' dir='ltr'><strong>omniurn</strong></span> <span class='ocrx_word' id='word_1_229' title='bbox 649 2991 823 3076; x_wconf 87' lang='lat' dir='ltr'><strong>pignorum</strong></span> <span class='ocrx_word' id='word_1_230' title='bbox 860 2993 999 3076; x_wconf 90' lang='lat' dir='ltr'><strong>primum</strong></span> <span class='ocrx_word' id='word_1_231' title='bbox 1031 2996 1071 3059; x_wconf 90' lang='lat' dir='ltr'><strong>ad</strong></span> <span class='ocrx_word' id='word_1_232' title='bbox 1104 3016 1155 3060; x_wconf 90' lang='lat' dir='ltr'><strong>me</strong></span> 
     </span>
     <span class='ocr_line' id='line_1_31' title="bbox 147 3078 1156 3166; baseline 0.007 -24"><span class='ocrx_word' id='word_1_233' title='bbox 147 3078 321 3161; x_wconf 88' lang='lat' dir='ltr'><strong>pertinere,</strong></span> <span class='ocrx_word' id='word_1_234' title='bbox 352 3079 426 3162; x_wconf 90' lang='lat' dir='ltr'><strong>quia</strong></span> <span class='ocrx_word' id='word_1_235' title='bbox 448 3078 529 3143; x_wconf 91' lang='lat' dir='ltr'><strong>nihil</strong></span> <span class='ocrx_word' id='word_1_236' title='bbox 551 3084 661 3162; x_wconf 89' lang='lat' dir='ltr'><strong>aperte</strong></span> <span class='ocrx_word' id='word_1_237' title='bbox 685 3079 804 3145; x_wconf 91' lang='lat' dir='ltr'><strong>dietum</strong></span> <span class='ocrx_word' id='word_1_238' title='bbox 828 3085 925 3166; x_wconf 86' lang='lat' dir='ltr'><strong>esset,</strong></span> <span class='ocrx_word' id='word_1_239' title='bbox 949 3102 992 3146; x_wconf 84' lang='lat' dir='ltr'><strong>an</strong></span> <span class='ocrx_word' id='word_1_240' title='bbox 1014 3105 1156 3149; x_wconf 90' lang='lat' dir='ltr'><strong>commu·</strong></span> 
     </span>
     <span class='ocr_line' id='line_1_32' title="bbox 147 3167 1155 3258; baseline 0.008 -28"><span class='ocrx_word' id='word_1_241' title='bbox 147 3167 233 3230; x_wconf 88' lang='lat' dir='ltr'><strong>niter</strong></span> <span class='ocrx_word' id='word_1_242' title='bbox 254 3188 292 3231; x_wconf 85' lang='lat' dir='ltr'><strong>ex</strong></span> <span class='ocrx_word' id='word_1_243' title='bbox 313 3167 461 3232; x_wconf 87' lang='lat' dir='ltr'><strong>omnibus</strong></span> <span class='ocrx_word' id='word_1_244' title='bbox 479 3168 669 3254; x_wconf 85' lang='lat' dir='ltr'><strong>pignoribus</strong></span> <span class='ocrx_word' id='word_1_245' title='bbox 688 3190 813 3234; x_wconf 87' lang='lat' dir='ltr'><strong>summa</strong></span> <span class='ocrx_word' id='word_1_246' title='bbox 831 3192 889 3253; x_wconf 93' lang='lat' dir='ltr'><strong>pro</strong></span> <span class='ocrx_word' id='word_1_247' title='bbox 908 3175 980 3236; x_wconf 89' lang='lat' dir='ltr'><strong>rata</strong></span> <span class='ocrx_word' id='word_1_248' title='bbox 998 3177 1155 3258; x_wconf 81' lang='lat' dir='ltr'><strong>servetur3</strong></span> 
     </span>
     <span class='ocr_line' id='line_1_33' title="bbox 149 3253 622 3341; baseline 0.006 -23"><span class='ocrx_word' id='word_1_249' title='bbox 149 3255 177 3318; x_wconf 92' lang='lat' dir='ltr'><strong>si</strong></span> <span class='ocrx_word' id='word_1_250' title='bbox 201 3253 277 3339; x_wconf 92' lang='lat' dir='ltr'><strong>quid</strong></span> <span class='ocrx_word' id='word_1_251' title='bbox 301 3260 494 3341; x_wconf 84' lang='lat' dir='ltr'><strong>superesset,</strong></span> <span class='ocrx_word' id='word_1_252' title='bbox 517 3257 558 3321; x_wconf 85' lang='lat' dir='ltr'><strong>ad</strong></span> <span class='ocrx_word' id='word_1_253' title='bbox 581 3261 622 3322; x_wconf 90' lang='grc'><strong>16.</strong></span> 
     </span>
    </p>

    <p class='ocr_par' dir='ltr' id='par_1_17' title="bbox 150 3343 1155 3614">
     <span class='ocr_line' id='line_1_34' title="bbox 237 3343 1154 3434; baseline 0.01 -26"><span class='ocrx_word' id='word_1_254' title='bbox 237 3343 288 3409; x_wconf 79' lang='lat'><strong>25.</strong></span> <span class='ocrx_word' id='word_1_255' title='bbox 315 3343 355 3410; x_wconf 92' lang='lat' dir='ltr'><strong>D.</strong></span> <span class='ocrx_word' id='word_1_256' title='bbox 372 3346 422 3428; x_wconf 88' lang='lat'><strong>18,</strong></span> <span class='ocrx_word' id='word_1_257' title='bbox 438 3348 466 3428; x_wconf 91' lang='lat'><strong>1,</strong></span> <span class='ocrx_word' id='word_1_258' title='bbox 483 3348 512 3431; x_wconf 92' lang='lat' dir='ltr'><strong>l,</strong></span> <span class='ocrx_word' id='word_1_259' title='bbox 526 3347 552 3410; x_wconf 92' lang='lat'><strong>1.</strong></span> <span class='ocrx_word' id='word_1_260' title='bbox 594 3344 714 3412; x_wconf 90' lang='lat' dir='ltr'><strong>Paulus</strong></span> <span class='ocrx_word' id='word_1_261' title='bbox 737 3346 820 3413; x_wconf 91' lang='lat' dir='ltr'><strong>libro</strong></span> <span class='ocrx_word' id='word_1_262' title='bbox 843 3349 1035 3434; x_wconf 74' lang='lat' dir='ltr'><strong>trigessimo</strong></span> <span class='ocrx_word' id='word_1_263' title='bbox 1058 3352 1154 3417; x_wconf 88' lang='lat' dir='ltr'><strong>tertio</strong></span> 
     </span>
     <span class='ocr_line' id='line_1_35' title="bbox 150 3430 1155 3520; baseline 0.011 -26"><span class='ocrx_word' id='word_1_264' title='bbox 150 3430 189 3494; x_wconf 87' lang='lat' dir='ltr'><strong>ad</strong></span> <span class='ocrx_word' id='word_1_265' title='bbox 216 3431 354 3497; x_wconf 89' lang='lat' dir='ltr'><strong>edictum</strong></span> <span class='ocrx_word' id='word_1_266' title='bbox 380 3430 431 3520; x_wconf 87' lang='lat' dir='ltr'><strong>(P.</strong></span> <span class='ocrx_word' id='word_1_267' title='bbox 446 3431 535 3520; x_wconf 84' lang='lat'><strong>502).</strong></span> <span class='ocrx_word' id='word_1_268' title='bbox 558 3471 600 3482; x_wconf 93' lang='lat'>-</span> <span class='ocrx_word' id='word_1_269' title='bbox 624 3485 653 3500; x_wconf 94' lang='lat'><strong>..</strong></span> <span class='ocrx_word' id='word_1_270' title='bbox 677 3457 719 3499; x_wconf 87' lang='lat' dir='ltr'><strong>an</strong></span> <span class='ocrx_word' id='word_1_271' title='bbox 749 3437 818 3501; x_wconf 89' lang='lat' dir='ltr'><strong>sine</strong></span> <span class='ocrx_word' id='word_1_272' title='bbox 846 3439 984 3504; x_wconf 90' lang='lat' dir='ltr'><strong>nummis</strong></span> <span class='ocrx_word' id='word_1_273' title='bbox 1013 3438 1155 3506; x_wconf 83' lang='lat' dir='ltr'><strong>venditio</strong></span> 
     </span>
     <span class='ocr_line' id='line_1_36' title="bbox 150 3517 1154 3614; baseline 0.014 -34"><span class='ocrx_word' id='word_1_274' title='bbox 150 3517 211 3583; x_wconf 90' lang='lat' dir='ltr'><strong>dici</strong></span> <span class='ocrx_word' id='word_1_275' title='bbox 238 3519 397 3606; x_wconf 90' lang='lat' dir='ltr'><strong>hodieque</strong></span> <span class='ocrx_word' id='word_1_276' title='bbox 425 3523 543 3608; x_wconf 87' lang='lat' dir='ltr'><strong>possit,</strong></span> <span class='ocrx_word' id='word_1_277' title='bbox 571 3524 749 3610; x_wconf 85' lang='lat' dir='ltr'><strong>dubitatur,</strong></span> <span class='ocrx_word' id='word_1_278' title='bbox 776 3527 875 3592; x_wconf 93' lang='lat' dir='ltr'><strong>veluti</strong></span> <span class='ocrx_word' id='word_1_279' title='bbox 902 3527 931 3592; x_wconf 90' lang='lat' dir='ltr'><strong>si</strong></span> <span class='ocrx_word' id='word_1_280' title='bbox 959 3549 1018 3614; x_wconf 81' lang='lat' dir='ltr'><strong>ego</strong></span> <span class='ocrx_word' id='word_1_281' title='bbox 1042 3531 1154 3614; x_wconf 82' lang='lat' dir='ltr'><strong>togam</strong></span> 
     </span>
    </p>
   </div>
   <div class='ocr_carea' id='block_1_15' title="bbox 0 0 1294 3888">
    <p class='ocr_par' dir='ltr' id='par_1_18' title="bbox 0 0 1294 3888">
     <span class='ocr_line' id='line_1_37' title="bbox 0 0 1294 3888; baseline 0 0"><span class='ocrx_word' id='word_1_282' title='bbox 0 0 1294 3888; x_wconf 95' lang='lat' dir='ltr'><strong> </strong></span> 
     </span>
    </p>
   </div>
  </div>
 </body>
</html>
