2512 3888
380 220 404 270 2.
430 213 612 270 MASURIUS
632 214 784 271 SABINUS
1021 213 1085 278 451

87 391 90 398 ⁴
168 383 205 444 ef.
232 382 269 443 D.
289 385 317 459 6,
337 383 437 461 1,36,
458 385 485 442 1.
528 381 620 446 Gaius
644 381 721 442 libro
745 383 871 458 septimo
894 383 932 442 ad
955 382 1034 443 odiet

78 471 260 548 provinciale
284 466 329 552 (P.
347 462 434 552 154).
481 469 593 547 culpae
611 517 618 531 .
634 517 640 530 .
659 489 729 530 rsus
752 473 798 530 est
820 490 1014 548 possessor..
1033 473 1086 550 qui

77 579 184 622 navem
207 578 226 619 a
248 579 279 621 se
302 560 428 636 petitam
451 559 576 621 adverso
600 563 734 637 tempore
751 560 928 638 navigatum
946 561 1036 638 misit,
1059 562 1085 621 si

78 669 113 709 ea
134 649 291 727 naufragio
315 653 471 725 perempta
494 652 549 708 est.

166 751 217 815 29.
241 750 279 815 D.
295 751 323 834 7,
338 751 368 832 4,
384 751 435 832 10,
451 752 480 815 7.
520 749 680 834 Ulpianus
699 749 781 814 libro
801 750 938 834 septimo
960 751 1081 816 decimo

81 839 121 903 ad
140 836 294 904 Sabinum
317 837 365 927 (P.
381 836 512 926 25557).
540 875 576 886 ·-
601 838 641 904 In
665 839 779 904 navis.
799 861 881 903 ,usu
904 838 1009 903 fructu
1028 838 1082 904 Sa-

78 927 174 992 binus
202 928 323 1013 scribit,
351 929 380 994 si
402 928 529 1013 quidem
554 950 612 1012 per
635 931 744 1011 partes
768 925 889 992 refecta
914 926 966 1012 sit,
990 950 1083 992 usum

76 1016 219 1082 frustum
241 1039 307 1082 non
330 1018 477 1095 interire;
503 1017 531 1082 si
555 1021 662 1082 autem
686 1016 844 1081 dissoluta
868 1017 919 1099 sit,
942 1016 1018 1080 licet
1041 1017 1083 1082 is-

78 1105 150 1170 dem
164 1106 285 1171 tabulis
299 1107 390 1171 nulla
403 1109 571 1190 praeterea
588 1106 712 1170 adiecta
727 1107 910 1170 restaurata
924 1105 976 1189 sit,
990 1126 1084 1169 usum

76 1193 218 1260 frustum
243 1196 427 1260 extinctum.

399 1298 443 1354 De
457 1300 593 1368 pastoratus
610 1299 765 1365 usufructu.

164 1397 217 1463 30.
235 1403 270 1464 Ι).
286 1399 315 1482 7,
329 1397 358 1477 5,
373 1399 402 1479 5,
420 1400 447 1462 1.
487 1398 646 1482 Ulpianus
665 1400 749 1464 libro
769 1403 883 1464 ostano
903 1397 1025 1463 decimo
1044 1398 1085 1462 ad

76 1485 232 1550 Sabinum
264 1484 312 1570 (P.
332 1483 444 1573 2591).
474 1523 512 1534 —
543 1485 578 1551 si
604 1489 758 1572 pecuniae
785 1489 828 1552 sit
855 1509 932 1551 usus
960 1487 1083 1550 fruetus

76 1575 204 1659 legatus
229 1575 295 1656 [vel
314 1573 450 1639 aliarum
470 1597 586 1652 rerum,
610 1597 691 1660 quae
710 1575 745 1639 in
765 1577 869 1640 abusu
887 1577 1083 1656 consistunt]

75 1684 133 1727 nee
165 1664 272 1728 cautio
301 1663 508 1748 interveniat,
539 1664 725 1742 videndum,
756 1664 849 1729 finito
885 1687 944 1728 usu
976 1664 1083 1728 fructu

75 1774 117 1816 an
144 1752 281 1834 pecunia
308 1773 389 1837 quae
418 1752 494 1816 data
529 1753 571 1817 sit
599 1753 663 1836 [vel
692 1755 817 1817 eeterae
845 1774 910 1834 res,
942 1774 1022 1836 quae
1050 1753 1083 1817 in

75 1841 301 1924 absumptione
325 1841 428 1924 sunt],
456 1841 582 1905 eondisi
604 1842 772 1925 possi[n]t.
810 1839 966 1905 Sabinus1
989 1845 1085 1925 putat

71 1951 167 2013 posse
191 1930 323 1994 eondisi.

270 2051 314 2106 De
331 2051 479 2117 usufructu
497 2053 580 2107 usuri
598 2069 658 2106 suus
677 2052 769 2107 liberis
786 2052 887 2107 relicto.

162 2151 233 2215 31⁸.
255 2149 442 2218 usstass
462 2149 550 2239 (Ulp.
565 2153 585 2216 l.
600 2151 697 2217 XVII
717 2152 757 2217 ad
776 2151 873 2237 Sub).
901 2189 938 2201 -
1035 2154 1082 2219 ait

27 2317 29 2324 ,
73 2236 226 2322 Sabinus,
259 2239 287 2304 si
318 2242 410 2306 uxori
442 2263 516 2306 eum
548 2243 658 2307 liberis
691 2265 768 2307 usus
794 2241 919 2307 fruetus
947 2243 1082 2329 legetur,

72 2327 200 2392 amissis
224 2328 334 2394 liberis
358 2351 428 2394 eam
450 2330 570 2395 habere

163 2413 235 2481 317.
258 2416 295 2483 D.
312 2419 341 2500 7,
355 2419 386 2502 2,
401 2420 478 2500 8pr.
510 2417 671 2502 Ulpianus
693 2419 778 2483 libro
798 2419 1080 2502 septimodecimo

71 2504 112 2568 ad
132 2502 285 2570 Sabinum
310 2503 359 2593 (P.
374 2504 485 2594 2570).
511 2543 549 2552 -
577 2505 612 2572 Si
635 2507 761 2570 mulieri
784 2528 856 2570 oum
878 2509 990 2573 liberis
1015 2509 1080 2574 suis

68 2594 293 2749 pppsetlrustns
316 2595 455 2679 legetur,
479 2596 606 2660 amissis
629 2594 740 2658 liberis
764 2615 801 2658 ea
824 2617 917 2660 usum
941 2596 1081 2661 frustum

227 2787 272 2843 De
289 2789 438 2852 usufructu
455 2788 514 2856 filio
532 2787 656 2854 famlias
673 2788 714 2843 vel
730 2804 807 2843 suso
825 2788 925 2842 relicto.

160 2888 225 2953 32?
250 2885 283 2954 O.
298 2890 327 2971 3,
343 2888 395 2972 33,
411 2889 450 2952 17
479 2884 522 2976 (a.
537 2886 626 2974 531).
646 2925 688 2936 -
708 2887 756 2953 Ex
780 2889 872 2953 libris
897 2886 1080 2952 Sabinianis

70 2978 218 3060 quaestio
246 2977 339 3042 nobis
367 2978 469 3041 relata
498 2982 560 3056 est,
592 3000 650 3062 per
678 2999 773 3063 quam
803 2977 1025 3060 dubitabatur,
1053 2980 1079 3042 si

68 3087 148 3130 usus
186 3065 311 3131 fruetus
343 3088 401 3149 per
433 3087 560 3130 servum
594 3068 773 3153 adquisitus
806 3067 857 3131 vel
887 3089 945 3149 pen
975 3066 1079 3130 filium

142 3237 156 3284 1
179 3232 254 3287 Trio.
274 3232 342 3287 data
361 3231 398 3286 sit
415 3231 460 3286 vel
478 3233 588 3286 ceteras
606 3247 650 3286 res
666 3247 738 3301 qnae
752 3232 782 3287 in
796 3232 991 3303 absumptione
1006 3233 1078 3301 sunt,

68 3302 181 3357 eondisi
208 3303 325 3372 possint.
370 3301 420 3357 sed
447 3301 471 3357 si
494 3303 606 3370 quidem
628 3302 720 3358 adhue
743 3305 889 3359 constante
912 3304 1079 3358 usufructu

67 3374 228 3428 santionem
249 3374 312 3444 quis
331 3372 400 3428 velit
420 3374 574 3442 condicere,
594 3371 649 3428 disi
668 3377 762 3445 potest
775 3375 906 3431 omissam
922 3375 1079 3430 cautionem

68 3461 153 3514 posse
172 3444 281 3498 eondiei
299 3445 399 3498 inserti
416 3445 605 3500 condictione:
624 3446 671 3500 ssd
686 3446 710 3499 ai
723 3446 802 3501 finito
817 3463 868 3500 usn
882 3446 975 3502 fmetn
988 3448 1078 3516 ipsam

66 3514 266 3584 quantitatem,
286 3513 412 3572 Sabinus.
445 3517 479 3572 cf.
498 3515 674 3572 Gradenwitz
691 3516 929 3589 Interpolationen
950 3537 976 3589 p.
992 3525 1025 3574 st
1036 3535 1077 3587 sq.

66 3585 105 3641 ef.
127 3583 261 3640 Zeitsehr.
281 3584 440 3654 xv11‚141.

810 3679 865 3735 29*
