2506 3880
158 137 223 203 120
258 138 280 193 Ι.
298 135 455 192 ΑΕΤΑΤΙΒ
472 135 631 193 AUGUSTI
648 135 697 192 ΕΤ
715 135 854 192 TIBERII
872 135 968 191 IUBIS
988 135 1163 192 CONSULTI

250 300 321 365 138.
353 299 392 364 D.
406 300 460 385 41,
475 299 525 378 10,
541 301 570 384 1,
586 301 613 364 1.
629 301 658 365 2.
708 298 869 383 Ulpianus
897 300 981 365 libro
1010 299 1163 385 quinqua·
1221 351 1222 354 η

159 388 309 474 gensimo
323 392 414 467 sexto
429 388 469 453 ad
485 389 625 454 edietum
636 387 683 474 (P.
696 381 1047 476 1335)-111111111111.
1058 437 1084 454 ..
1097 389 1165 454 fieri

158 475 268 543 Labeo
297 476 344 542 ait
366 481 423 542 aut
446 499 481 542 re
504 481 561 543 aut
583 477 704 542 verbis:
731 498 781 562 re,
808 477 958 562 quotiens
981 497 1096 543 manns
1118 479 1163 543 in·

98 581 100 584 ·
158 566 320 632 feruntur:
340 566 447 631 verbis
466 571 584 645 sutem,
603 567 836 651 quotiensnon
855 588 968 631 manus
987 565 1165 632 inferuntur

160 655 354 737 [convicium
377 655 443 737 fin:
466 676 657 740 omnemque
680 655 832 720 iniuriam
855 658 913 720 aut
933 655 968 719 in
987 676 1104 739 eorpus
1122 656 1163 719 in·

158 744 237 810 ferri
265 747 322 809 aut
354 743 394 808 ad
422 744 614 829 dignitatem
642 747 698 809 aut
725 742 767 808 ad
797 743 966 809 infamiam
993 744 1164 828 pertinere:

159 832 193 897 in
217 854 333 920 eorpus
356 833 404 916 fit,
428 855 500 898 eum
523 833 595 918 quis
618 833 780 916 pulsatur:
803 832 845 897 ad
868 832 1071 918 dignitatem,
1094 855 1163 898 eum

161 944 270 988 eomes
298 925 468 986 matronae
496 922 679 988 abducitur:
707 921 747 986 ad
770 921 954 1003 infamiam,
982 943 1054 986 eum
1077 921 1163 1006 pudi-

158 1011 236 1076 oitia
259 1010 485 1095 adtemptatur.

249 1099 323 1165 139.
346 1098 385 1164 D.
399 1098 476 1164 ibid.
492 1101 512 1180 §
526 1100 554 1164 1.
574 1137 616 1147 -
635 1099 743 1165 Labeo
763 1098 884 1182 scribit,
903 1099 930 1164 si
949 1099 1021 1185 quis
1041 1121 1163 1164 servum

159 1188 390 1253 hereditarium
431 1191 626 1253 testamento
663 1186 905 1253 manumissum
935 1192 1009 1252 ante
1048 1188 1163 1253 aditam

158 1277 375 1342 hereditatem
407 1276 642 1361 verberaverit,
678 1277 870 1342 iniuriarum
898 1277 1048 1341 heredem
1071 1297 1162 1362 agere

158 1387 270 1450 posse:
298 1368 333 1431 at
360 1366 388 1432 si
415 1370 491 1450 post
520 1366 640 1431 aditam
667 1365 880 1430 hereditatem
904 1366 1095 1431 verberatus
1117 1366 1162 1448 sit,

162 1455 231 1520 sive
259 1454 320 1519 soit
342 1475 376 1519 se
400 1454 537 1520 liberum
561 1455 628 1520 sive
646 1455 788 1541 ignorat,
815 1455 922 1538 ipsum
945 1475 1040 1539 agere
1062 1475 1160 1539 posse.

250 1543 323 1609 140.
355 1543 394 1608 D.
408 1544 462 1628 41,
477 1544 528 1628 10,
542 1541 572 1627 5,
587 1543 618 1610 5.
652 1542 814 1626 Ulpianus
842 1543 925 1609 libro
949 1542 1161 1628 quinquagen-

159 1632 242 1698 simo
266 1635 357 1698 sexto
380 1633 421 1698 ad
439 1632 580 1699 edietum
600 1629 650 1718 (P.
667 1629 776 1718 1337).
794 1667 839 1680 -
857 1628 893 1697 Si
912 1682 964 1699 ...
982 1632 1015 1698 in
1033 1631 1161 1696 fundum

161 1721 330 1804 [alienum]
351 1722 405 1806 qui
424 1721 555 1788 domino
573 1719 637 1804 <ab
657 1720 767 1805 alio?>
785 1719 980 1804 colebatur1,
997 1721 1160 1786 introitum

159 1810 211 1896 sit,
234 1810 342 1876 Labeo
366 1814 466 1895 negat
489 1831 558 1876 esse
582 1811 741 1876 actionem
765 1809 895 1874 domino
919 1808 1011 1874 fundi
1034 1831 1073 1874 ex
1096 1810 1161 1893 lege

159 1897 325 1978 Cornelia,
356 1900 432 1984 quia
458 1921 523 1966 non
546 1900 652 1984 possit
678 1899 797 1983 ubique
820 1896 1017 1964 domicilium
1040 1898 1162 1978 habere,

158 1987 221 2054 hoo
244 1991 295 2052 est
317 2009 375 2071 per
398 2009 509 2053 omnes
533 1988 628 2052 villas
651 2009 736 2053 suas.

250 2075 323 2140 141.
361 2075 395 2140 Ρ.
414 2077 467 2160 47,
487 2077 539 2160 10,
559 2078 588 2158 1,
610 2078 636 2140 1.
690 2074 852 2159 Ulpianus
888 2075 988 2142 libro
1011 2076 1161 2161 quinqua-

160 2163 307 2250 gensimo
332 2164 468 2247 septimo
493 2165 533 2229 ad
557 2164 697 2230 edictum
720 2162 769 2250 (P.
785 2161 896 2252 1339).
918 2201 961 2211 -
985 2161 1021 2230 Si
1045 2165 1163 2229 dicatur

159 2253 258 2317 homo
282 2251 400 2317 iniuria
423 2252 557 2337 oeoisuS,
578 2252 735 2337 numquid
758 2274 823 2319 non
846 2253 964 2318 debeat
981 2251 1162 2339 permittere
1206 2273 1209 2282 ·

159 2344 290 2427 praetor
321 2339 450 2428 privato
481 2341 599 2407 iudicio
632 2341 698 2426 legi
729 2339 899 2407 Corneliae
931 2337 1161 2425 praeiudicari?

236 2428 313 2515 quid
336 2477 401 2514 ...,
429 2429 457 2494 si
485 2431 557 2515 quis
584 2430 702 2496 ideireo
735 2430 815 2496 velit
844 2431 1036 2495 iniuriarum
1064 2441 1170 2515 agere,

160 2518 246 2604 quod
282 2519 391 2605 gladio
423 2524 521 2604 eaput
553 2519 621 2585 eius
649 2541 837 2604 percussum
865 2518 937 2585 est?
986 2518 1095 2585 Labeo
1123 2517 1164 2582 ait

159 2629 224 2673 non
253 2630 323 2673 esse
346 2608 595 2693 prohibendum:
623 2609 822 2692 nequeenim
844 2608 949 2690 utique
970 2607 1033 2692 boe,
1055 2606 1164 2693 inquit,

160 2699 340 2781 intenditur,
362 2700 444 2782 quod
460 2699 617 2782 publicam
639 2699 727 2764 beabat
747 2697 1053 2764 animadversionem

250 2787 324 2852 142.
357 2785 396 2850 D.
413 2786 489 2851 ibid.
509 2790 529 2868 ξ
548 2789 579 2852 4.
607 2821 649 2834 --
761 2788 893 2871 praetor
925 2787 972 2850 ait
1001 2784 1089 2871 ‘quid
1120 2783 1163 2847 in·

159 2874 261 2940 iuriae
284 2873 406 2939 laetum
426 2875 477 2955 sit,
501 2878 623 2940 eertum
643 2875 741 2940 dieat'
761 2924 812 2941 ...
832 2877 954 2940 eertum
973 2896 1047 2940 eum
1066 2874 1164 2939 dieere

160 2961 269 3029 Labeo
294 2963 349 3045 ait,
372 2964 427 3047 qui
450 2962 537 3028 dieat
558 2985 679 3028 nomen
701 2963 846 3046 iniuriae,
867 2984 970 3048 neque
994 2965 1054 3029 sub
1074 2963 1163 3028 alter·

159 3052 305 3136 natione,
332 3056 411 3135 puta
438 3051 521 3117 illud
549 3055 606 3117 aut
632 3052 726 3135 illud,
754 3052 810 3117 sed
837 3053 928 3117 illam
955 3051 1105 3117 iniuriam
1133 3068 1164 3112 se

159 3162 324 3295 pumicis.
361 3221 641 3314 11411118.
695 3229 854 3315 Ulpianus
891 3229 977 3294 nero
1015 3228 1164 3315 quinqua-

161 3317 308 3402 gensimo
332 3317 471 3400 septimo
496 3318 535 3382 ad
560 3319 698 3385 edietum
723 3316 864 3404 (1310¹).
883 3355 925 3367 -
944 3317 1097 3384 Atroeem

235 3511 249 3558 1
274 3507 345 3562 Mo.-
371 3507 395 3561 si
418 3507 447 3560 in
470 3508 586 3562 fundum
610 3509 658 3577 qni
677 3525 726 3578 per
745 3507 867 3563 alienum
887 3508 999 3563 domino
1019 3509 1165 3564 colebatur.
