<?xml version="1.0" encoding="UTF-8"?>
<!DOCTYPE html PUBLIC "-//W3C//DTD XHTML 1.0 Transitional//EN"
    "http://www.w3.org/TR/xhtml1/DTD/xhtml1-transitional.dtd">
<html xmlns="http://www.w3.org/1999/xhtml" xml:lang="en" lang="en">
 <head>
  <title>
</title>
<meta http-equiv="Content-Type" content="text/html;charset=utf-8" />
  <meta name='ocr-system' content='tesseract 3.04.00' />
  <meta name='ocr-capabilities' content='ocr_page ocr_carea ocr_par ocr_line ocrx_word'/>
</head>
<body>
  <div class='ocr_page' id='page_1' title='image "./iurisprudentiae04bremgoog_0525.png"; bbox 0 0 2508 3896; ppageno 0'>
   <div class='ocr_carea' id='block_1_1' title="bbox 405 149 1113 217">
    <p class='ocr_par' dir='ltr' id='par_1_1' title="bbox 405 149 1113 217">
     <span class='ocr_line' id='line_1_1' title="bbox 405 149 1113 217; baseline 0.014 -12"><span class='ocrx_word' id='word_1_1' title='bbox 405 156 430 205; x_wconf 77' lang='lat'><strong>2.</strong></span> <span class='ocrx_word' id='word_1_2' title='bbox 453 149 638 206; x_wconf 82' lang='lat' dir='ltr'><strong>MASURIUS</strong></span> <span class='ocrx_word' id='word_1_3' title='bbox 657 151 809 207; x_wconf 82' lang='lat' dir='ltr'><strong>SABINUS</strong></span> <span class='ocrx_word' id='word_1_4' title='bbox 1048 151 1113 217; x_wconf 80' lang='grc'><strong>537</strong></span> 
     </span>
    </p>
   </div>
   <div class='ocr_carea' id='block_1_2' title="bbox 102 313 1115 484">
    <p class='ocr_par' dir='ltr' id='par_1_2' title="bbox 102 313 1115 484">
     <span class='ocr_line' id='line_1_2' title="bbox 102 313 1115 398; baseline 0.002 -19"><span class='ocrx_word' id='word_1_5' title='bbox 102 317 294 394; x_wconf 77' lang='lat' dir='ltr'>concipiatur,</span> <span class='ocrx_word' id='word_1_6' title='bbox 316 317 409 377; x_wconf 90' lang='lat' dir='ltr'>nihil</span> <span class='ocrx_word' id='word_1_7' title='bbox 431 313 613 381; x_wconf 85' lang='lat' dir='ltr'><strong>interest⁷.</strong></span> <span class='ocrx_word' id='word_1_8' title='bbox 651 318 686 379; x_wconf 90' lang='lat' dir='ltr'><strong>de</strong></span> <span class='ocrx_word' id='word_1_9' title='bbox 710 321 867 398; x_wconf 89' lang='lat' dir='ltr'><strong>utriusque</strong></span> <span class='ocrx_word' id='word_1_10' title='bbox 891 320 1035 380; x_wconf 90' lang='lat' dir='ltr'><strong>sermonis</strong></span> <span class='ocrx_word' id='word_1_11' title='bbox 1057 341 1115 381; x_wconf 91' lang='lat' dir='ltr'><strong>usu</strong></span> 
     </span>
     <span class='ocr_line' id='line_1_3' title="bbox 102 406 694 484; baseline 0 -17"><span class='ocrx_word' id='word_1_12' title='bbox 102 407 246 468; x_wconf 79' lang='lat' dir='ltr'><strong>Sabinum</strong></span> <span class='ocrx_word' id='word_1_13' title='bbox 269 407 378 467; x_wconf 80' lang='lat' dir='ltr'><strong>dixisse</strong></span> <span class='ocrx_word' id='word_1_14' title='bbox 400 406 514 467; x_wconf 89' lang='lat' dir='ltr'><strong>indicat</strong></span> <span class='ocrx_word' id='word_1_15' title='bbox 536 407 694 484; x_wconf 82' lang='lat' dir='ltr'><strong>Ulpianus.</strong></span> 
     </span>
    </p>
   </div>
   <div class='ocr_carea' id='block_1_3' title="bbox 100 525 1115 967">
    <p class='ocr_par' dir='ltr' id='par_1_3' title="bbox 100 525 1115 967">
     <span class='ocr_line' id='line_1_4' title="bbox 191 525 1113 614; baseline 0.003 -24"><span class='ocrx_word' id='word_1_16' title='bbox 191 527 262 593; x_wconf 81' lang='lat'><strong>156.</strong></span> <span class='ocrx_word' id='word_1_17' title='bbox 288 526 328 591; x_wconf 89' lang='lat' dir='ltr'><strong>D.</strong></span> <span class='ocrx_word' id='word_1_18' title='bbox 341 525 394 610; x_wconf 82' lang='lat'><strong>45,</strong></span> <span class='ocrx_word' id='word_1_19' title='bbox 410 527 439 609; x_wconf 89' lang='lat'><strong>1,</strong></span> <span class='ocrx_word' id='word_1_20' title='bbox 454 528 483 605; x_wconf 89' lang='lat'><strong>1,</strong></span> <span class='ocrx_word' id='word_1_21' title='bbox 498 527 527 592; x_wconf 91' lang='grc'><strong>6.</strong></span> <span class='ocrx_word' id='word_1_22' title='bbox 570 525 732 611; x_wconf 81' lang='lat' dir='ltr'><strong>Ulpianus</strong></span> <span class='ocrx_word' id='word_1_23' title='bbox 755 527 839 592; x_wconf 91' lang='lat' dir='ltr'><strong>libro</strong></span> <span class='ocrx_word' id='word_1_24' title='bbox 864 527 1113 614; x_wconf 87' lang='lat' dir='ltr'><strong>quadragesimo</strong></span> 
     </span>
     <span class='ocr_line' id='line_1_5' title="bbox 102 612 1115 703; baseline 0.002 -23"><span class='ocrx_word' id='word_1_25' title='bbox 102 620 217 681; x_wconf 85' lang='lat' dir='ltr'><strong>octavo</strong></span> <span class='ocrx_word' id='word_1_26' title='bbox 242 615 282 679; x_wconf 87' lang='lat' dir='ltr'><strong>ad</strong></span> <span class='ocrx_word' id='word_1_27' title='bbox 306 612 462 680; x_wconf 84' lang='lat' dir='ltr'><strong>Sabinum</strong></span> <span class='ocrx_word' id='word_1_28' title='bbox 485 613 537 701; x_wconf 88' lang='lat' dir='ltr'><strong>(P.</strong></span> <span class='ocrx_word' id='word_1_29' title='bbox 550 613 674 703; x_wconf 76' lang='lat'><strong>29490).</strong></span> <span class='ocrx_word' id='word_1_30' title='bbox 700 652 739 663; x_wconf 90' lang='lat'>—</span> <span class='ocrx_word' id='word_1_31' title='bbox 765 663 795 680; x_wconf 90' lang='lat'><strong>..</strong></span> <span class='ocrx_word' id='word_1_32' title='bbox 819 615 978 699; x_wconf 87' lang='lat' dir='ltr'><strong>scriptura</strong></span> <span class='ocrx_word' id='word_1_33' title='bbox 1002 615 1115 683; x_wconf 84' lang='lat' dir='ltr'><strong>Sabini</strong></span> 
     </span>
     <span class='ocr_line' id='line_1_6' title="bbox 184 705 1113 789; baseline 0.002 -18.838"><span class='ocrx_word' id='word_1_34' title='bbox 184 705 321 789; x_wconf 82' lang='lat' dir='ltr'><strong>patitur,</strong></span> <span class='ocrx_word' id='word_1_35' title='bbox 348 707 384 769; x_wconf 94' lang='lat' dir='ltr'><strong>ut</strong></span> <span class='ocrx_word' id='word_1_36' title='bbox 412 705 516 768; x_wconf 89' lang='lat' dir='ltr'><strong>omnis</strong></span> <span class='ocrx_word' id='word_1_37' title='bbox 540 725 646 769; x_wconf 88' lang='lat' dir='ltr'><strong>sermo</strong></span> <span class='ocrx_word' id='word_1_38' title='bbox 670 705 837 771; x_wconf 88' lang='lat' dir='ltr'><strong>contineat</strong></span> <span class='ocrx_word' id='word_1_39' title='bbox 859 705 1032 771; x_wconf 85' lang='lat' dir='ltr'><strong>verborum</strong></span> <span class='ocrx_word' id='word_1_40' title='bbox 1056 708 1113 772; x_wconf 87' lang='lat' dir='ltr'><strong>olo·</strong></span> 
     </span>
     <span class='ocr_line' id='line_1_7' title="bbox 101 792 1114 878; baseline 0.002 -20"><span class='ocrx_word' id='word_1_41' title='bbox 101 794 304 878; x_wconf 78' lang='lat' dir='ltr'><strong>ligationem,</strong></span> <span class='ocrx_word' id='word_1_42' title='bbox 326 793 374 857; x_wconf 88' lang='lat' dir='ltr'><strong>ita</strong></span> <span class='ocrx_word' id='word_1_43' title='bbox 396 797 517 874; x_wconf 88' lang='lat' dir='ltr'><strong>tamen,</strong></span> <span class='ocrx_word' id='word_1_44' title='bbox 539 798 576 856; x_wconf 93' lang='lat' dir='ltr'><strong>ut</strong></span> <span class='ocrx_word' id='word_1_45' title='bbox 596 797 729 878; x_wconf 87' lang='lat' dir='ltr'><strong>uterque</strong></span> <span class='ocrx_word' id='word_1_46' title='bbox 749 792 882 858; x_wconf 88' lang='lat' dir='ltr'><strong>alterius</strong></span> <span class='ocrx_word' id='word_1_47' title='bbox 900 793 1048 878; x_wconf 82' lang='lat' dir='ltr'><strong>linguam</strong></span> <span class='ocrx_word' id='word_1_48' title='bbox 1066 797 1114 860; x_wconf 93' lang='lat' dir='ltr'><strong>in·</strong></span> 
     </span>
     <span class='ocr_line' id='line_1_8' title="bbox 100 882 1015 967; baseline 0.002 -20"><span class='ocrx_word' id='word_1_49' title='bbox 100 882 239 966; x_wconf 83' lang='lat' dir='ltr'><strong>tellegat</strong></span> <span class='ocrx_word' id='word_1_50' title='bbox 262 882 329 946; x_wconf 87' lang='lat' dir='ltr'><strong>sive</strong></span> <span class='ocrx_word' id='word_1_51' title='bbox 351 903 409 966; x_wconf 88' lang='lat' dir='ltr'><strong>per</strong></span> <span class='ocrx_word' id='word_1_52' title='bbox 432 903 466 946; x_wconf 89' lang='lat' dir='ltr'><strong>se</strong></span> <span class='ocrx_word' id='word_1_53' title='bbox 490 882 558 946; x_wconf 85' lang='lat' dir='ltr'><strong>sive</strong></span> <span class='ocrx_word' id='word_1_54' title='bbox 581 904 638 967; x_wconf 93' lang='lat' dir='ltr'><strong>per</strong></span> <span class='ocrx_word' id='word_1_55' title='bbox 660 904 773 947; x_wconf 82' lang='lat' dir='ltr'><strong>verum</strong></span> <span class='ocrx_word' id='word_1_56' title='bbox 796 883 1015 966; x_wconf 75' lang='lat' dir='ltr'><strong>interpretem.</strong></span> 
     </span>
    </p>
   </div>
   <div class='ocr_carea' id='block_1_4' title="bbox 97 996 1115 1995">
    <p class='ocr_par' dir='ltr' id='par_1_4' title="bbox 97 996 1115 1420">
     <span class='ocr_line' id='line_1_9' title="bbox 187 996 1113 1078; baseline 0.003 -17"><span class='ocrx_word' id='word_1_57' title='bbox 187 1002 374 1078; x_wconf 53' lang='grc' dir='ltr'><strong>9199949ει</strong></span> <span class='ocrx_word' id='word_1_58' title='bbox 396 996 572 1077; x_wconf 70' lang='lat' dir='ltr'><strong>‘stipulatio</strong></span> <span class='ocrx_word' id='word_1_59' title='bbox 599 1022 659 1062; x_wconf 91' lang='lat' dir='ltr'><strong>non</strong></span> <span class='ocrx_word' id='word_1_60' title='bbox 686 1005 787 1078; x_wconf 89' lang='lat' dir='ltr'><strong>potest</strong></span> <span class='ocrx_word' id='word_1_61' title='bbox 814 1003 919 1063; x_wconf 87' lang='lat' dir='ltr'><strong>confici</strong></span> <span class='ocrx_word' id='word_1_62' title='bbox 945 1003 1004 1062; x_wconf 88' lang='lat' dir='ltr'><strong>nisi</strong></span> <span class='ocrx_word' id='word_1_63' title='bbox 1030 1007 1113 1064; x_wconf 89' lang='lat' dir='ltr'><strong>ntro-</strong></span> 
     </span>
     <span class='ocr_line' id='line_1_10' title="bbox 97 1085 1115 1170; baseline 0.002 -20"><span class='ocrx_word' id='word_1_64' title='bbox 97 1112 155 1170; x_wconf 92' lang='lat' dir='ltr'><strong>que</strong></span> <span class='ocrx_word' id='word_1_65' title='bbox 182 1085 343 1168; x_wconf 86' lang='lat' dir='ltr'><strong>loquente&#39;.</strong></span> <span class='ocrx_word' id='word_1_66' title='bbox 389 1085 427 1150; x_wconf 72' lang='lat' dir='ltr'><strong>‘si</strong></span> <span class='ocrx_word' id='word_1_67' title='bbox 456 1091 518 1150; x_wconf 88' lang='lat' dir='ltr'><strong>sine</strong></span> <span class='ocrx_word' id='word_1_68' title='bbox 546 1091 645 1151; x_wconf 89' lang='lat' dir='ltr'><strong>verbis</strong></span> <span class='ocrx_word' id='word_1_69' title='bbox 672 1087 836 1152; x_wconf 88' lang='lat' dir='ltr'><strong>adnuisset’</strong></span> <span class='ocrx_word' id='word_1_70' title='bbox 861 1093 887 1151; x_wconf 91' lang='lat' dir='ltr'><strong>is</strong></span> <span class='ocrx_word' id='word_1_71' title='bbox 912 1092 963 1168; x_wconf 90' lang='lat' dir='ltr'><strong>qui</strong></span> <span class='ocrx_word' id='word_1_72' title='bbox 985 1093 1115 1152; x_wconf 90' lang='lat' dir='ltr'><strong>interro-</strong></span> 
     </span>
     <span class='ocr_line' id='line_1_11' title="bbox 99 1173 1114 1261; baseline 0 -21"><span class='ocrx_word' id='word_1_73' title='bbox 99 1185 189 1261; x_wconf 84' lang='lat' dir='ltr'><strong>gatus</strong></span> <span class='ocrx_word' id='word_1_74' title='bbox 222 1183 281 1252; x_wconf 90' lang='lat' dir='ltr'><strong>est,</strong></span> <span class='ocrx_word' id='word_1_75' title='bbox 313 1199 373 1240; x_wconf 90' lang='lat' dir='ltr'><strong>non</strong></span> <span class='ocrx_word' id='word_1_76' title='bbox 405 1173 448 1238; x_wconf 80' lang='lat' dir='ltr'><strong>‘in</strong></span> <span class='ocrx_word' id='word_1_77' title='bbox 480 1199 516 1239; x_wconf 89' lang='lat' dir='ltr'><strong>ea</strong></span> <span class='ocrx_word' id='word_1_78' title='bbox 547 1198 638 1241; x_wconf 85' lang='lat' dir='ltr'><strong>causa</strong></span> <span class='ocrx_word' id='word_1_79' title='bbox 668 1184 727 1256; x_wconf 88' lang='lat' dir='ltr'><strong>est,</strong></span> <span class='ocrx_word' id='word_1_80' title='bbox 758 1184 794 1241; x_wconf 92' lang='lat' dir='ltr'><strong>ut</strong></span> <span class='ocrx_word' id='word_1_81' title='bbox 820 1173 992 1258; x_wconf 79' lang='lat' dir='ltr'><strong>obligetur&#39;.</strong></span> <span class='ocrx_word' id='word_1_82' title='bbox 1042 1175 1114 1242; x_wconf 69' lang='lat' dir='ltr'><strong>‘non</strong></span> 
     </span>
     <span class='ocr_line' id='line_1_12' title="bbox 98 1267 1114 1347; baseline -0.001 -17"><span class='ocrx_word' id='word_1_83' title='bbox 98 1273 220 1330; x_wconf 87' lang='lat' dir='ltr'><strong>tantum</strong></span> <span class='ocrx_word' id='word_1_84' title='bbox 243 1271 344 1328; x_wconf 90' lang='lat' dir='ltr'><strong>autem</strong></span> <span class='ocrx_word' id='word_1_85' title='bbox 368 1267 506 1345; x_wconf 80' lang='lat' dir='ltr'><strong>ciuiliter,</strong></span> <span class='ocrx_word' id='word_1_86' title='bbox 530 1267 582 1329; x_wconf 91' lang='lat' dir='ltr'><strong>sed</strong></span> <span class='ocrx_word' id='word_1_87' title='bbox 604 1287 658 1328; x_wconf 88' lang='lat' dir='ltr'><strong>nec</strong></span> <span class='ocrx_word' id='word_1_88' title='bbox 678 1269 860 1329; x_wconf 83' lang='lat' dir='ltr'><strong>naturaliter</strong></span> <span class='ocrx_word' id='word_1_89' title='bbox 878 1270 1039 1347; x_wconf 83' lang='lat' dir='ltr'><strong>obligatur,</strong></span> <span class='ocrx_word' id='word_1_90' title='bbox 1062 1271 1114 1347; x_wconf 91' lang='lat' dir='ltr'><strong>qui</strong></span> 
     </span>
     <span class='ocr_line' id='line_1_13' title="bbox 98 1351 293 1420; baseline -0.005 -2"><span class='ocrx_word' id='word_1_91' title='bbox 98 1360 145 1420; x_wconf 92' lang='lat' dir='ltr'><strong>ita</strong></span> <span class='ocrx_word' id='word_1_92' title='bbox 167 1351 293 1418; x_wconf 88' lang='lat' dir='ltr'><strong>adnuit&#39;.</strong></span> 
     </span>
    </p>

    <p class='ocr_par' dir='ltr' id='par_1_5' title="bbox 97 1467 1115 1995">
     <span class='ocr_line' id='line_1_14' title="bbox 189 1467 1112 1553; baseline 0 -21"><span class='ocrx_word' id='word_1_93' title='bbox 189 1468 275 1533; x_wconf 77' lang='lat'>157?</span> <span class='ocrx_word' id='word_1_94' title='bbox 298 1467 338 1532; x_wconf 90' lang='lat' dir='ltr'><strong>D.</strong></span> <span class='ocrx_word' id='word_1_95' title='bbox 352 1468 405 1553; x_wconf 81' lang='lat'><strong>45,</strong></span> <span class='ocrx_word' id='word_1_96' title='bbox 420 1467 448 1552; x_wconf 91' lang='lat'><strong>1,</strong></span> <span class='ocrx_word' id='word_1_97' title='bbox 465 1471 493 1551; x_wconf 90' lang='lat'><strong>1,</strong></span> <span class='ocrx_word' id='word_1_98' title='bbox 508 1468 538 1533; x_wconf 79' lang='lat'><strong>2.</strong></span> <span class='ocrx_word' id='word_1_99' title='bbox 578 1467 740 1551; x_wconf 88' lang='lat' dir='ltr'><strong>Ulpianus</strong></span> <span class='ocrx_word' id='word_1_100' title='bbox 758 1469 843 1533; x_wconf 87' lang='lat' dir='ltr'><strong>libro</strong></span> <span class='ocrx_word' id='word_1_101' title='bbox 864 1467 1112 1552; x_wconf 86' lang='lat' dir='ltr'><strong>quadragesimo</strong></span> 
     </span>
     <span class='ocr_line' id='line_1_15' title="bbox 102 1554 1114 1642; baseline -0.002 -18"><span class='ocrx_word' id='word_1_102' title='bbox 102 1561 217 1624; x_wconf 88' lang='lat' dir='ltr'><strong>octavo</strong></span> <span class='ocrx_word' id='word_1_103' title='bbox 242 1557 282 1622; x_wconf 90' lang='lat' dir='ltr'><strong>ad</strong></span> <span class='ocrx_word' id='word_1_104' title='bbox 306 1555 460 1621; x_wconf 89' lang='lat' dir='ltr'><strong>Sabinum</strong></span> <span class='ocrx_word' id='word_1_105' title='bbox 485 1554 534 1642; x_wconf 88' lang='lat' dir='ltr'><strong>(P.</strong></span> <span class='ocrx_word' id='word_1_106' title='bbox 548 1557 673 1640; x_wconf 65' lang='lat'><strong>29492).</strong></span> <span class='ocrx_word' id='word_1_107' title='bbox 691 1593 735 1603; x_wconf 95' lang='lat'><em>-</em></span> <span class='ocrx_word' id='word_1_108' title='bbox 756 1556 791 1622; x_wconf 84' lang='lat' dir='ltr'><strong>Si</strong></span> <span class='ocrx_word' id='word_1_109' title='bbox 814 1558 955 1641; x_wconf 89' lang='lat' dir='ltr'><strong>quisita</strong></span> <span class='ocrx_word' id='word_1_110' title='bbox 978 1559 1114 1622; x_wconf 88' lang='lat' dir='ltr'><strong>interro·</strong></span> 
     </span>
     <span class='ocr_line' id='line_1_16' title="bbox 100 1644 1114 1732; baseline -0.001 -21"><span class='ocrx_word' id='word_1_111' title='bbox 100 1647 195 1732; x_wconf 78' lang='lat' dir='ltr'><strong>guoti</strong></span> <span class='ocrx_word' id='word_1_112' title='bbox 219 1645 356 1710; x_wconf 73' lang='lat' dir='ltr'><strong>‘dabisr’</strong></span> <span class='ocrx_word' id='word_1_113' title='bbox 379 1645 583 1729; x_wconf 89' lang='lat' dir='ltr'><strong>responderit</strong></span> <span class='ocrx_word' id='word_1_114' title='bbox 603 1644 769 1730; x_wconf 74' lang='lat' dir='ltr'><strong>‘quidni?&#39;‚</strong></span> <span class='ocrx_word' id='word_1_115' title='bbox 792 1649 825 1710; x_wconf 87' lang='lat' dir='ltr'><strong>et</strong></span> <span class='ocrx_word' id='word_1_116' title='bbox 844 1647 873 1711; x_wconf 91' lang='lat' dir='ltr'><strong>is</strong></span> <span class='ocrx_word' id='word_1_117' title='bbox 892 1647 1003 1730; x_wconf 88' lang='lat' dir='ltr'><strong>utique</strong></span> <span class='ocrx_word' id='word_1_118' title='bbox 1022 1647 1056 1710; x_wconf 92' lang='lat' dir='ltr'><strong>in</strong></span> <span class='ocrx_word' id='word_1_119' title='bbox 1075 1669 1114 1710; x_wconf 89' lang='lat' dir='ltr'><strong>ea</strong></span> 
     </span>
     <span class='ocr_line' id='line_1_17' title="bbox 100 1734 1113 1819; baseline 0 -19"><span class='ocrx_word' id='word_1_120' title='bbox 100 1758 199 1800; x_wconf 89' lang='lat' dir='ltr'><strong>causa</strong></span> <span class='ocrx_word' id='word_1_121' title='bbox 214 1737 272 1819; x_wconf 84' lang='lat' dir='ltr'><strong>eet,</strong></span> <span class='ocrx_word' id='word_1_122' title='bbox 287 1738 323 1799; x_wconf 91' lang='lat' dir='ltr'><strong>ut</strong></span> <span class='ocrx_word' id='word_1_123' title='bbox 337 1734 512 1819; x_wconf 80' lang='lat' dir='ltr'><strong>obligetur3</strong></span> <span class='ocrx_word' id='word_1_124' title='bbox 527 1737 642 1799; x_wconf 86' lang='lat' dir='ltr'><strong>contra</strong></span> <span class='ocrx_word' id='word_1_125' title='bbox 657 1734 684 1798; x_wconf 89' lang='lat' dir='ltr'><strong>si</strong></span> <span class='ocrx_word' id='word_1_126' title='bbox 699 1735 885 1800; x_wconf 87' lang='lat' dir='ltr'><strong>sineverbis</strong></span> <span class='ocrx_word' id='word_1_127' title='bbox 896 1734 1077 1800; x_wconf 85' lang='lat' dir='ltr'><strong>adnuisset.</strong></span> <span class='ocrx_word' id='word_1_128' title='bbox 1088 1784 1113 1802; x_wconf 91' lang='lat'><strong>..</strong></span> 
     </span>
     <span class='ocr_line' id='line_1_18' title="bbox 100 1823 1115 1909; baseline -0.001 -20"><span class='ocrx_word' id='word_1_129' title='bbox 100 1829 136 1890; x_wconf 91' lang='lat' dir='ltr'><strong>et</strong></span> <span class='ocrx_word' id='word_1_130' title='bbox 167 1824 240 1889; x_wconf 90' lang='lat' dir='ltr'><strong>ideo</strong></span> <span class='ocrx_word' id='word_1_131' title='bbox 273 1828 360 1888; x_wconf 86' lang='lat' dir='ltr'><strong>recte</strong></span> <span class='ocrx_word' id='word_1_132' title='bbox 392 1823 514 1887; x_wconf 91' lang='lat' dir='ltr'><strong>dictum</strong></span> <span class='ocrx_word' id='word_1_133' title='bbox 548 1831 597 1887; x_wconf 90' lang='lat' dir='ltr'><strong>est</strong></span> <span class='ocrx_word' id='word_1_134' title='bbox 628 1845 695 1888; x_wconf 92' lang='lat' dir='ltr'><strong>non</strong></span> <span class='ocrx_word' id='word_1_135' title='bbox 727 1823 866 1909; x_wconf 87' lang='lat' dir='ltr'><strong>obligari</strong></span> <span class='ocrx_word' id='word_1_136' title='bbox 897 1845 956 1909; x_wconf 92' lang='lat' dir='ltr'><strong>pro</strong></span> <span class='ocrx_word' id='word_1_137' title='bbox 990 1846 1027 1888; x_wconf 90' lang='lat' dir='ltr'><strong>eo</strong></span> <span class='ocrx_word' id='word_1_138' title='bbox 1055 1846 1115 1889; x_wconf 90' lang='lat' dir='ltr'><strong>nec</strong></span> 
     </span>
     <span class='ocr_line' id='line_1_19' title="bbox 97 1911 484 1995; baseline 0 -17"><span class='ocrx_word' id='word_1_139' title='bbox 97 1913 321 1979; x_wconf 88' lang='lat' dir='ltr'><strong>fideiussorem</strong></span> <span class='ocrx_word' id='word_1_140' title='bbox 346 1911 484 1995; x_wconf 90' lang='lat' dir='ltr'><strong>quidem.</strong></span> 
     </span>
    </p>
   </div>
   <div class='ocr_carea' id='block_1_5' title="bbox 95 2031 1201 2288">
    <p class='ocr_par' dir='ltr' id='par_1_6' title="bbox 95 2031 1201 2288">
     <span class='ocr_line' id='line_1_20' title="bbox 187 2031 1113 2110; baseline 0.002 -19"><span class='ocrx_word' id='word_1_141' title='bbox 187 2033 310 2092; x_wconf 89' lang='lat' dir='ltr'><strong>Pernice</strong></span> <span class='ocrx_word' id='word_1_142' title='bbox 328 2032 386 2109; x_wconf 93' lang='lat' dir='ltr'><strong>Ip.</strong></span> <span class='ocrx_word' id='word_1_143' title='bbox 400 2035 466 2093; x_wconf 82' lang='lat'><strong>404</strong></span> <span class='ocrx_word' id='word_1_144' title='bbox 489 2031 652 2108; x_wconf 88' lang='lat' dir='ltr'><strong>Ulpianum</strong></span> <span class='ocrx_word' id='word_1_145' title='bbox 674 2033 731 2093; x_wconf 91' lang='lat' dir='ltr'><strong>hoc</strong></span> <span class='ocrx_word' id='word_1_146' title='bbox 748 2052 866 2110; x_wconf 90' lang='lat' dir='ltr'><strong>quoque</strong></span> <span class='ocrx_word' id='word_1_147' title='bbox 884 2033 950 2093; x_wconf 91' lang='lat' dir='ltr'><strong>loco</strong></span> <span class='ocrx_word' id='word_1_148' title='bbox 970 2033 1113 2094; x_wconf 85' lang='lat' dir='ltr'><strong>Sabinum</strong></span> 
     </span>
     <span class='ocr_line' id='line_1_21' title="bbox 95 2116 1201 2208; baseline 0.001 -26"><span class='ocrx_word' id='word_1_149' title='bbox 95 2122 183 2198; x_wconf 90' lang='lat' dir='ltr'><strong>sequi</strong></span> <span class='ocrx_word' id='word_1_150' title='bbox 216 2121 375 2186; x_wconf 86' lang='lat' dir='ltr'><strong>existimat.</strong></span> <span class='ocrx_word' id='word_1_151' title='bbox 429 2121 522 2180; x_wconf 89' lang='lat' dir='ltr'><strong>Lenel</strong></span> <span class='ocrx_word' id='word_1_152' title='bbox 554 2124 647 2197; x_wconf 83' lang='lat' dir='ltr'><strong>tacet,</strong></span> <span class='ocrx_word' id='word_1_153' title='bbox 684 2141 864 2199; x_wconf 86' lang='lat' dir='ltr'><strong>quamquam</strong></span> <span class='ocrx_word' id='word_1_154' title='bbox 897 2116 1022 2182; x_wconf 71' lang='lat' dir='ltr'><strong>‘dictum</strong></span> <span class='ocrx_word' id='word_1_155' title='bbox 1055 2117 1113 2183; x_wconf 89' lang='lat' dir='ltr'><strong>est&#39;</strong></span> <span class='ocrx_word' id='word_1_156' title='bbox 1194 2194 1201 2208; x_wconf 84' lang='lat'><strong>.</strong></span> 
     </span>
     <span class='ocr_line' id='line_1_22' title="bbox 98 2205 1113 2288; baseline 0 -16"><span class='ocrx_word' id='word_1_157' title='bbox 98 2210 207 2272; x_wconf 92' lang='lat' dir='ltr'><strong>eodem</strong></span> <span class='ocrx_word' id='word_1_158' title='bbox 225 2211 289 2270; x_wconf 86' lang='lat' dir='ltr'><strong>iure</strong></span> <span class='ocrx_word' id='word_1_159' title='bbox 308 2211 346 2269; x_wconf 92' lang='lat' dir='ltr'><strong>ad</strong></span> <span class='ocrx_word' id='word_1_160' title='bbox 361 2209 504 2270; x_wconf 84' lang='lat' dir='ltr'><strong>Sabinum</strong></span> <span class='ocrx_word' id='word_1_161' title='bbox 521 2211 628 2271; x_wconf 87' lang='lat' dir='ltr'><strong>referri</strong></span> <span class='ocrx_word' id='word_1_162' title='bbox 646 2215 747 2287; x_wconf 91' lang='lat' dir='ltr'><strong>potest</strong></span> <span class='ocrx_word' id='word_1_163' title='bbox 765 2215 854 2288; x_wconf 85' lang='lat' dir='ltr'><strong>atque</strong></span> <span class='ocrx_word' id='word_1_164' title='bbox 874 2205 1032 2288; x_wconf 71' lang='lat' dir='ltr'><strong>‘scriptum</strong></span> <span class='ocrx_word' id='word_1_165' title='bbox 1046 2207 1113 2272; x_wconf 88' lang='lat' dir='ltr'><strong>est&#39;.</strong></span> 
     </span>
    </p>
   </div>
   <div class='ocr_carea' id='block_1_6' title="bbox 88 2328 1113 3480">
    <p class='ocr_par' dir='ltr' id='par_1_7' title="bbox 93 2328 1113 2681">
     <span class='ocr_line' id='line_1_23' title="bbox 189 2328 1113 2415; baseline 0 -20"><span class='ocrx_word' id='word_1_166' title='bbox 189 2329 261 2395; x_wconf 85' lang='lat'><strong>158.</strong></span> <span class='ocrx_word' id='word_1_167' title='bbox 284 2328 323 2394; x_wconf 95' lang='lat' dir='ltr'><strong>D.</strong></span> <span class='ocrx_word' id='word_1_168' title='bbox 334 2328 387 2412; x_wconf 82' lang='lat'><strong>45,</strong></span> <span class='ocrx_word' id='word_1_169' title='bbox 399 2331 427 2414; x_wconf 88' lang='lat'><strong>1,</strong></span> <span class='ocrx_word' id='word_1_170' title='bbox 439 2331 512 2414; x_wconf 81' lang='lat'><strong>137,</strong></span> <span class='ocrx_word' id='word_1_171' title='bbox 521 2329 552 2395; x_wconf 82' lang='lat'><strong>5.</strong></span> <span class='ocrx_word' id='word_1_172' title='bbox 585 2330 760 2395; x_wconf 88' lang='lat' dir='ltr'><strong>Venuleius</strong></span> <span class='ocrx_word' id='word_1_173' title='bbox 778 2331 862 2396; x_wconf 91' lang='lat' dir='ltr'><strong>libro</strong></span> <span class='ocrx_word' id='word_1_174' title='bbox 882 2330 987 2414; x_wconf 91' lang='lat' dir='ltr'><strong>primo</strong></span> <span class='ocrx_word' id='word_1_175' title='bbox 1003 2329 1113 2415; x_wconf 85' lang='lat' dir='ltr'><strong>Stipu-</strong></span> 
     </span>
     <span class='ocr_line' id='line_1_24' title="bbox 93 2414 1113 2506; baseline -0.001 -22"><span class='ocrx_word' id='word_1_176' title='bbox 93 2419 258 2484; x_wconf 91' lang='lat' dir='ltr'><strong>lationum</strong></span> <span class='ocrx_word' id='word_1_177' title='bbox 288 2415 336 2505; x_wconf 85' lang='lat' dir='ltr'><strong>(P.</strong></span> <span class='ocrx_word' id='word_1_178' title='bbox 355 2414 423 2506; x_wconf 80' lang='lat'><strong>53).</strong></span> <span class='ocrx_word' id='word_1_179' title='bbox 450 2454 495 2465; x_wconf 94' lang='lat'>—</span> <span class='ocrx_word' id='word_1_180' title='bbox 523 2417 558 2484; x_wconf 82' lang='lat' dir='ltr'><strong>si</strong></span> <span class='ocrx_word' id='word_1_181' title='bbox 591 2420 631 2483; x_wconf 89' lang='lat' dir='ltr'><strong>ab</strong></span> <span class='ocrx_word' id='word_1_182' title='bbox 666 2441 702 2484; x_wconf 90' lang='lat' dir='ltr'><strong>eo</strong></span> <span class='ocrx_word' id='word_1_183' title='bbox 738 2419 912 2502; x_wconf 88' lang='lat' dir='ltr'><strong>stipulatus</strong></span> <span class='ocrx_word' id='word_1_184' title='bbox 946 2421 1022 2502; x_wconf 86' lang='lat' dir='ltr'><strong>sim,</strong></span> <span class='ocrx_word' id='word_1_185' title='bbox 1057 2421 1113 2504; x_wconf 92' lang='lat' dir='ltr'><strong>qui</strong></span> 
     </span>
     <span class='ocr_line' id='line_1_25' title="bbox 94 2506 1110 2591; baseline 0 -20"><span class='ocrx_word' id='word_1_186' title='bbox 94 2506 225 2573; x_wconf 82' lang='lat' dir='ltr'><strong>efficere</strong></span> <span class='ocrx_word' id='word_1_187' title='bbox 248 2528 313 2571; x_wconf 94' lang='lat' dir='ltr'><strong>non</strong></span> <span class='ocrx_word' id='word_1_188' title='bbox 335 2508 450 2591; x_wconf 85' lang='lat' dir='ltr'><strong>possit,</strong></span> <span class='ocrx_word' id='word_1_189' title='bbox 473 2528 546 2571; x_wconf 89' lang='lat' dir='ltr'><strong>oum</strong></span> <span class='ocrx_word' id='word_1_190' title='bbox 567 2508 632 2571; x_wconf 90' lang='lat' dir='ltr'><strong>alio</strong></span> <span class='ocrx_word' id='word_1_191' title='bbox 650 2507 808 2590; x_wconf 89' lang='lat' dir='ltr'><strong>possibile</strong></span> <span class='ocrx_word' id='word_1_192' title='bbox 827 2509 879 2590; x_wconf 90' lang='lat' dir='ltr'><strong>sit,</strong></span> <span class='ocrx_word' id='word_1_193' title='bbox 901 2509 970 2572; x_wconf 89' lang='lat' dir='ltr'><strong>iure</strong></span> <span class='ocrx_word' id='word_1_194' title='bbox 989 2508 1110 2572; x_wconf 87' lang='lat' dir='ltr'><strong>factam</strong></span> 
     </span>
     <span class='ocr_line' id='line_1_26' title="bbox 93 2593 645 2681; baseline -0.007 -19"><span class='ocrx_word' id='word_1_195' title='bbox 93 2595 335 2681; x_wconf 84' lang='lat' dir='ltr'><strong>obligationem</strong></span> <span class='ocrx_word' id='word_1_196' title='bbox 359 2593 498 2660; x_wconf 89' lang='lat' dir='ltr'><strong>Sabinus</strong></span> <span class='ocrx_word' id='word_1_197' title='bbox 523 2594 645 2660; x_wconf 86' lang='lat' dir='ltr'><strong>scribit</strong></span> 
     </span>
    </p>

    <p class='ocr_par' dir='ltr' id='par_1_8' title="bbox 88 2682 1113 3480">
     <span class='ocr_line' id='line_1_27' title="bbox 190 2682 1111 2768; baseline -0.003 -17"><span class='ocrx_word' id='word_1_198' title='bbox 190 2684 275 2751; x_wconf 80' lang='lat'>159?</span> <span class='ocrx_word' id='word_1_199' title='bbox 303 2684 342 2749; x_wconf 90' lang='lat' dir='ltr'><strong>D.</strong></span> <span class='ocrx_word' id='word_1_200' title='bbox 352 2684 507 2768; x_wconf 85' lang='lat'><strong>45,1‚36.</strong></span> <span class='ocrx_word' id='word_1_201' title='bbox 549 2683 710 2767; x_wconf 89' lang='lat' dir='ltr'><strong>Ulpianus</strong></span> <span class='ocrx_word' id='word_1_202' title='bbox 733 2684 817 2749; x_wconf 91' lang='lat' dir='ltr'><strong>libro</strong></span> <span class='ocrx_word' id='word_1_203' title='bbox 839 2682 1111 2768; x_wconf 84' lang='lat' dir='ltr'><strong>quadragensimo</strong></span> 
     </span>
     <span class='ocr_line' id='line_1_28' title="bbox 92 2769 1113 2859; baseline -0.005 -19"><span class='ocrx_word' id='word_1_204' title='bbox 92 2777 211 2841; x_wconf 88' lang='lat' dir='ltr'><strong>octavo</strong></span> <span class='ocrx_word' id='word_1_205' title='bbox 240 2774 279 2838; x_wconf 91' lang='lat' dir='ltr'><strong>ad</strong></span> <span class='ocrx_word' id='word_1_206' title='bbox 303 2771 459 2838; x_wconf 85' lang='lat' dir='ltr'><strong>Sabinum</strong></span> <span class='ocrx_word' id='word_1_207' title='bbox 484 2771 532 2855; x_wconf 85' lang='lat' dir='ltr'><strong>(P.</strong></span> <span class='ocrx_word' id='word_1_208' title='bbox 547 2769 661 2859; x_wconf 78' lang='lat'><strong>2951).</strong></span> <span class='ocrx_word' id='word_1_209' title='bbox 684 2810 727 2821; x_wconf 97' lang='lat'><em>-</em></span> <span class='ocrx_word' id='word_1_210' title='bbox 750 2771 785 2837; x_wconf 86' lang='lat' dir='ltr'><strong>Si</strong></span> <span class='ocrx_word' id='word_1_211' title='bbox 809 2773 892 2856; x_wconf 90' lang='lat' dir='ltr'><strong>quis,</strong></span> <span class='ocrx_word' id='word_1_212' title='bbox 921 2793 993 2837; x_wconf 91' lang='lat' dir='ltr'><strong>oum</strong></span> <span class='ocrx_word' id='word_1_213' title='bbox 1017 2771 1113 2835; x_wconf 89' lang='lat' dir='ltr'><strong>aliter</strong></span> 
     </span>
     <span class='ocr_line' id='line_1_29' title="bbox 91 2859 1111 2946; baseline -0.005 -17"><span class='ocrx_word' id='word_1_214' title='bbox 91 2886 170 2929; x_wconf 90' lang='lat' dir='ltr'><strong>eum</strong></span> <span class='ocrx_word' id='word_1_215' title='bbox 204 2863 406 2928; x_wconf 85' lang='lat' dir='ltr'><strong>convenisset</strong></span> <span class='ocrx_word' id='word_1_216' title='bbox 439 2861 591 2946; x_wconf 87' lang='lat' dir='ltr'><strong>obligari,</strong></span> <span class='ocrx_word' id='word_1_217' title='bbox 625 2861 719 2926; x_wconf 86' lang='lat' dir='ltr'><strong>aliter</strong></span> <span class='ocrx_word' id='word_1_218' title='bbox 751 2884 808 2945; x_wconf 90' lang='lat' dir='ltr'><strong>per</strong></span> <span class='ocrx_word' id='word_1_219' title='bbox 838 2859 1111 2925; x_wconf 87' lang='lat' dir='ltr'><strong>machinationem</strong></span> 
     </span>
     <span class='ocr_line' id='line_1_30' title="bbox 92 2948 1113 3036; baseline -0.005 -19"><span class='ocrx_word' id='word_1_220' title='bbox 92 2952 263 3036; x_wconf 84' lang='lat' dir='ltr'><strong>obligatus</strong></span> <span class='ocrx_word' id='word_1_221' title='bbox 290 2956 352 3034; x_wconf 85' lang='lat' dir='ltr'><strong>est,</strong></span> <span class='ocrx_word' id='word_1_222' title='bbox 381 2951 442 3015; x_wconf 90' lang='lat' dir='ltr'><strong>erit</strong></span> <span class='ocrx_word' id='word_1_223' title='bbox 465 2951 594 3035; x_wconf 91' lang='lat' dir='ltr'><strong>quidem</strong></span> <span class='ocrx_word' id='word_1_224' title='bbox 618 2950 800 3034; x_wconf 87' lang='lat' dir='ltr'><strong>suptilitate</strong></span> <span class='ocrx_word' id='word_1_225' title='bbox 822 2950 901 3014; x_wconf 88' lang='lat' dir='ltr'><strong>iuris</strong></span> <span class='ocrx_word' id='word_1_226' title='bbox 926 2948 1113 3034; x_wconf 87' lang='lat' dir='ltr'><strong>obstrictus,</strong></span> 
     </span>
     <span class='ocr_line' id='line_1_31' title="bbox 91 3037 1110 3125; baseline -0.004 -19"><span class='ocrx_word' id='word_1_227' title='bbox 91 3041 153 3106; x_wconf 88' lang='lat' dir='ltr'><strong>sed</strong></span> <span class='ocrx_word' id='word_1_228' title='bbox 182 3039 250 3105; x_wconf 88' lang='lat' dir='ltr'><strong>doli</strong></span> <span class='ocrx_word' id='word_1_229' title='bbox 278 3040 465 3124; x_wconf 83' lang='lat' dir='ltr'><strong>exceptione</strong></span> <span class='ocrx_word' id='word_1_230' title='bbox 487 3041 537 3103; x_wconf 93' lang='lat' dir='ltr'><strong>uti</strong></span> <span class='ocrx_word' id='word_1_231' title='bbox 560 3043 683 3123; x_wconf 86' lang='lat' dir='ltr'><strong>potest:</strong></span> <span class='ocrx_word' id='word_1_232' title='bbox 711 3039 787 3125; x_wconf 87' lang='lat' dir='ltr'><strong>quia</strong></span> <span class='ocrx_word' id='word_1_233' title='bbox 811 3040 897 3103; x_wconf 90' lang='lat' dir='ltr'><strong>enim</strong></span> <span class='ocrx_word' id='word_1_234' title='bbox 920 3059 978 3121; x_wconf 90' lang='lat' dir='ltr'><strong>per</strong></span> <span class='ocrx_word' id='word_1_235' title='bbox 1000 3037 1110 3103; x_wconf 92' lang='lat' dir='ltr'><strong>dolum</strong></span> 
     </span>
     <span class='ocr_line' id='line_1_32' title="bbox 90 3127 1111 3216; baseline -0.006 -20"><span class='ocrx_word' id='word_1_236' title='bbox 90 3130 262 3216; x_wconf 87' lang='lat' dir='ltr'><strong>obligatus</strong></span> <span class='ocrx_word' id='word_1_237' title='bbox 291 3135 354 3213; x_wconf 87' lang='lat' dir='ltr'><strong>est,</strong></span> <span class='ocrx_word' id='word_1_238' title='bbox 386 3128 543 3212; x_wconf 90' lang='lat' dir='ltr'><strong>competit</strong></span> <span class='ocrx_word' id='word_1_239' title='bbox 572 3130 601 3193; x_wconf 90' lang='lat' dir='ltr'><strong>ei</strong></span> <span class='ocrx_word' id='word_1_240' title='bbox 629 3130 782 3212; x_wconf 84' lang='lat' dir='ltr'><strong>exceptio.</strong></span> <span class='ocrx_word' id='word_1_241' title='bbox 831 3128 916 3192; x_wconf 92' lang='lat' dir='ltr'><strong>idem</strong></span> <span class='ocrx_word' id='word_1_242' title='bbox 946 3129 995 3192; x_wconf 91' lang='lat' dir='ltr'><strong>est</strong></span> <span class='ocrx_word' id='word_1_243' title='bbox 1023 3131 1055 3191; x_wconf 90' lang='lat' dir='ltr'><strong>et</strong></span> <span class='ocrx_word' id='word_1_244' title='bbox 1083 3127 1111 3191; x_wconf 89' lang='lat' dir='ltr'><strong>si</strong></span> 
     </span>
     <span class='ocr_line' id='line_1_33' title="bbox 88 3214 1111 3302; baseline -0.004 -18"><span class='ocrx_word' id='word_1_245' title='bbox 88 3219 205 3284; x_wconf 89' lang='lat' dir='ltr'><strong>nullus</strong></span> <span class='ocrx_word' id='word_1_246' title='bbox 230 3216 322 3282; x_wconf 89' lang='lat' dir='ltr'><strong>dolus</strong></span> <span class='ocrx_word' id='word_1_247' title='bbox 345 3217 531 3281; x_wconf 86' lang='lat' dir='ltr'><strong>intercessit</strong></span> <span class='ocrx_word' id='word_1_248' title='bbox 554 3214 750 3299; x_wconf 85' lang='lat' dir='ltr'><strong>stipulantis,</strong></span> <span class='ocrx_word' id='word_1_249' title='bbox 773 3217 828 3281; x_wconf 88' lang='lat' dir='ltr'><strong>sed</strong></span> <span class='ocrx_word' id='word_1_250' title='bbox 851 3217 923 3302; x_wconf 90' lang='lat' dir='ltr'><strong>ipsa</strong></span> <span class='ocrx_word' id='word_1_251' title='bbox 945 3236 997 3281; x_wconf 86' lang='lat' dir='ltr'><strong>res</strong></span> <span class='ocrx_word' id='word_1_252' title='bbox 1020 3216 1111 3281; x_wconf 90' lang='lat' dir='ltr'><strong>inse</strong></span> 
     </span>
     <span class='ocr_line' id='line_1_34' title="bbox 90 3305 1111 3390; baseline -0.003 -17"><span class='ocrx_word' id='word_1_253' title='bbox 90 3308 207 3373; x_wconf 89' lang='lat' dir='ltr'><strong>dolum</strong></span> <span class='ocrx_word' id='word_1_254' title='bbox 230 3305 342 3390; x_wconf 87' lang='lat' dir='ltr'><strong>habet;</strong></span> <span class='ocrx_word' id='word_1_255' title='bbox 366 3328 440 3371; x_wconf 87' lang='lat' dir='ltr'><strong>curn</strong></span> <span class='ocrx_word' id='word_1_256' title='bbox 463 3305 548 3369; x_wconf 90' lang='lat' dir='ltr'><strong>enim</strong></span> <span class='ocrx_word' id='word_1_257' title='bbox 572 3307 643 3389; x_wconf 89' lang='lat' dir='ltr'><strong>quis</strong></span> <span class='ocrx_word' id='word_1_258' title='bbox 665 3309 757 3388; x_wconf 88' lang='lat' dir='ltr'><strong>petat</strong></span> <span class='ocrx_word' id='word_1_259' title='bbox 775 3328 813 3370; x_wconf 91' lang='lat' dir='ltr'><strong>ex</strong></span> <span class='ocrx_word' id='word_1_260' title='bbox 833 3328 871 3371; x_wconf 89' lang='lat' dir='ltr'><strong>ca</strong></span> <span class='ocrx_word' id='word_1_261' title='bbox 889 3306 1111 3390; x_wconf 89' lang='lat' dir='ltr'><strong>stipulatione,</strong></span> 
     </span>
     <span class='ocr_line' id='line_1_35' title="bbox 89 3394 692 3480; baseline -0.007 -18"><span class='ocrx_word' id='word_1_262' title='bbox 89 3397 157 3463; x_wconf 91' lang='lat' dir='ltr'><strong>hoc</strong></span> <span class='ocrx_word' id='word_1_263' title='bbox 181 3396 253 3480; x_wconf 90' lang='lat' dir='ltr'><strong>ipso</strong></span> <span class='ocrx_word' id='word_1_264' title='bbox 278 3395 351 3460; x_wconf 91' lang='lat' dir='ltr'><strong>dolo</strong></span> <span class='ocrx_word' id='word_1_265' title='bbox 376 3395 467 3473; x_wconf 83' lang='lat' dir='ltr'><strong>facit,</strong></span> <span class='ocrx_word' id='word_1_266' title='bbox 491 3394 575 3478; x_wconf 90' lang='lat' dir='ltr'><strong>quod</strong></span> <span class='ocrx_word' id='word_1_267' title='bbox 598 3395 692 3479; x_wconf 88' lang='lat' dir='ltr'><strong>petit.</strong></span> 
     </span>
    </p>
   </div>
   <div class='ocr_carea' id='block_1_7' title="bbox 185 3509 1113 3592">
    <p class='ocr_par' dir='ltr' id='par_1_9' title="bbox 185 3509 1245 3618">
     <span class='ocr_line' id='line_1_36' title="bbox 185 3509 1113 3592; baseline -0.003 -18"><span class='ocrx_word' id='word_1_268' title='bbox 185 3509 495 3577; x_wconf 74' lang='lat' dir='ltr'><strong>Perni0011²s233</strong></span> <span class='ocrx_word' id='word_1_269' title='bbox 519 3513 623 3574; x_wconf 82' lang='lat' dir='ltr'><strong>Sabini</strong></span> <span class='ocrx_word' id='word_1_270' title='bbox 646 3515 826 3575; x_wconf 88' lang='lat' dir='ltr'><strong>sententiam</strong></span> <span class='ocrx_word' id='word_1_271' title='bbox 845 3533 909 3575; x_wconf 88' lang='lat' dir='ltr'><strong>esse</strong></span> <span class='ocrx_word' id='word_1_272' title='bbox 934 3515 1113 3592; x_wconf 85' lang='lat' dir='ltr'><strong>suspicatur.</strong></span> 
     </span>
    </p>
   </div>
   <div class='ocr_carea' id='block_1_8' title="bbox 0 0 1258 3896">
    <p class='ocr_par' dir='ltr' id='par_1_10' title="bbox 0 0 1258 3896">
     <span class='ocr_line' id='line_1_37' title="bbox 0 0 1258 3896; baseline 0 2"><span class='ocrx_word' id='word_1_273' title='bbox 0 0 1258 3896; x_wconf 95' lang='lat' dir='ltr'><strong> </strong></span> 
     </span>
    </p>
   </div>
  </div>
 </body>
</html>
