<?xml version="1.0" encoding="UTF-8"?>
<!DOCTYPE html PUBLIC "-//W3C//DTD XHTML 1.0 Transitional//EN"
    "http://www.w3.org/TR/xhtml1/DTD/xhtml1-transitional.dtd">
<html xmlns="http://www.w3.org/1999/xhtml" xml:lang="en" lang="en">
 <head>
  <title>
</title>
<meta http-equiv="Content-Type" content="text/html;charset=utf-8" />
  <meta name='ocr-system' content='tesseract 3.04.00' />
  <meta name='ocr-capabilities' content='ocr_page ocr_carea ocr_par ocr_line ocrx_word'/>
</head>
<body>
  <div class='ocr_page' id='page_1' title='image "./iurisprudentiae04bremgoog_0419.png"; bbox 0 0 2512 3888; ppageno 0'>
   <div class='ocr_carea' id='block_1_1' title="bbox 386 188 1095 254">
    <p class='ocr_par' dir='ltr' id='par_1_1' title="bbox 386 188 1095 254">
     <span class='ocr_line' id='line_1_1' title="bbox 386 188 1095 254; baseline 0.018 -12"><span class='ocrx_word' id='word_1_1' title='bbox 386 194 411 246; x_wconf 80' lang='lat'><strong>2.</strong></span> <span class='ocrx_word' id='word_1_2' title='bbox 435 188 618 244; x_wconf 83' lang='lat' dir='ltr'>MASURIUS</span> <span class='ocrx_word' id='word_1_3' title='bbox 637 188 790 246; x_wconf 77' lang='lat' dir='ltr'>SABINUS</span> <span class='ocrx_word' id='word_1_4' title='bbox 1029 190 1095 254; x_wconf 83' lang='grc'><strong>431</strong></span> 
     </span>
    </p>
   </div>
   <div class='ocr_carea' id='block_1_2' title="bbox 79 354 1097 1041">
    <p class='ocr_par' dir='ltr' id='par_1_2' title="bbox 82 354 1097 522">
     <span class='ocr_line' id='line_1_2' title="bbox 85 354 1097 436; baseline 0.006 -21"><span class='ocrx_word' id='word_1_5' title='bbox 85 374 202 434; x_wconf 83' lang='lat' dir='ltr'><strong>garem,</strong></span> <span class='ocrx_word' id='word_1_6' title='bbox 235 354 286 416; x_wconf 90' lang='lat' dir='ltr'><strong>sed</strong></span> <span class='ocrx_word' id='word_1_7' title='bbox 316 357 354 416; x_wconf 88' lang='lat' dir='ltr'><strong>ad</strong></span> <span class='ocrx_word' id='word_1_8' title='bbox 386 356 532 419; x_wconf 83' lang='lat' dir='ltr'><strong>vindicias</strong></span> <span class='ocrx_word' id='word_1_9' title='bbox 559 357 592 416; x_wconf 93' lang='lat' dir='ltr'><strong>in</strong></span> <span class='ocrx_word' id='word_1_10' title='bbox 617 357 795 419; x_wconf 89' lang='lat' dir='ltr'><strong>hereditatis</strong></span> <span class='ocrx_word' id='word_1_11' title='bbox 824 359 969 436; x_wconf 89' lang='lat' dir='ltr'><strong>petitione</strong></span> <span class='ocrx_word' id='word_1_12' title='bbox 1001 360 1097 421; x_wconf 85' lang='lat' dir='ltr'><strong>dictes</strong></span> 
     </span>
     <span class='ocr_line' id='line_1_3' title="bbox 82 445 222 522; baseline 0.007 -18"><span class='ocrx_word' id='word_1_13' title='bbox 82 445 222 522; x_wconf 79' lang='lat' dir='ltr'><strong>pertinet.</strong></span> 
     </span>
    </p>

    <p class='ocr_par' dir='ltr' id='par_1_3' title="bbox 79 533 1097 1041">
     <span class='ocr_line' id='line_1_4' title="bbox 173 533 1094 614; baseline 0.004 -22"><span class='ocrx_word' id='word_1_14' title='bbox 173 533 319 610; x_wconf 76' lang='lat' dir='ltr'><strong>Ulpianus</strong></span> <span class='ocrx_word' id='word_1_15' title='bbox 342 534 419 594; x_wconf 88' lang='lat' dir='ltr'><strong>libro</strong></span> <span class='ocrx_word' id='word_1_16' title='bbox 438 535 509 594; x_wconf 91' lang='lat' dir='ltr'><strong>XIV</strong></span> <span class='ocrx_word' id='word_1_17' title='bbox 533 535 571 595; x_wconf 94' lang='lat' dir='ltr'><strong>ad</strong></span> <span class='ocrx_word' id='word_1_18' title='bbox 595 534 738 596; x_wconf 80' lang='lat' dir='ltr'><strong>Sabinum</strong></span> <span class='ocrx_word' id='word_1_19' title='bbox 757 536 792 594; x_wconf 88' lang='lat' dir='ltr'><strong>D.</strong></span> <span class='ocrx_word' id='word_1_20' title='bbox 808 538 859 612; x_wconf 86' lang='lat'><strong>38,</strong></span> <span class='ocrx_word' id='word_1_21' title='bbox 875 540 925 614; x_wconf 87' lang='grc'><strong>16,</strong></span> <span class='ocrx_word' id='word_1_22' title='bbox 941 539 970 611; x_wconf 87' lang='grc'><strong>3,</strong></span> <span class='ocrx_word' id='word_1_23' title='bbox 987 541 1037 599; x_wconf 90' lang='grc'><strong>10.</strong></span> <span class='ocrx_word' id='word_1_24' title='bbox 1053 541 1094 598; x_wconf 80' lang='lat'><strong>12</strong></span> 
     </span>
     <span class='ocr_line' id='line_1_5' title="bbox 82 617 1096 688; baseline 0.005 -6"><span class='ocrx_word' id='word_1_25' title='bbox 82 622 116 683; x_wconf 87' lang='lat' dir='ltr'><strong>P.</strong></span> <span class='ocrx_word' id='word_1_26' title='bbox 131 624 233 683; x_wconf 66' lang='lat'><strong>2528*</strong></span> <span class='ocrx_word' id='word_1_27' title='bbox 256 623 312 682; x_wconf 89' lang='lat' dir='ltr'><strong>ait:</strong></span> <span class='ocrx_word' id='word_1_28' title='bbox 341 617 426 683; x_wconf 76' lang='lat' dir='ltr'><strong>‘Post</strong></span> <span class='ocrx_word' id='word_1_29' title='bbox 454 625 555 684; x_wconf 87' lang='lat' dir='ltr'><strong>decem</strong></span> <span class='ocrx_word' id='word_1_30' title='bbox 577 643 694 684; x_wconf 89' lang='lat' dir='ltr'><strong>meuses</strong></span> <span class='ocrx_word' id='word_1_31' title='bbox 718 624 823 684; x_wconf 89' lang='lat' dir='ltr'><strong>mortis</strong></span> <span class='ocrx_word' id='word_1_32' title='bbox 846 629 936 684; x_wconf 85' lang='lat' dir='ltr'><strong>natus</strong></span> <span class='ocrx_word' id='word_1_33' title='bbox 959 646 1019 686; x_wconf 93' lang='lat' dir='ltr'><strong>non</strong></span> <span class='ocrx_word' id='word_1_34' title='bbox 1042 628 1096 688; x_wconf 90' lang='lat' dir='ltr'><strong>ad-</strong></span> 
     </span>
     <span class='ocr_line' id='line_1_6' title="bbox 82 711 1095 794; baseline 0.005 -24"><span class='ocrx_word' id='word_1_35' title='bbox 82 711 224 771; x_wconf 73' lang='lat' dir='ltr'><strong>mittetur</strong></span> <span class='ocrx_word' id='word_1_36' title='bbox 256 711 294 771; x_wconf 83' lang='lat' dir='ltr'><strong>ed</strong></span> <span class='ocrx_word' id='word_1_37' title='bbox 324 711 492 790; x_wconf 79' lang='lat' dir='ltr'><strong>legitimam</strong></span> <span class='ocrx_word' id='word_1_38' title='bbox 524 714 730 774; x_wconf 84' lang='lat' dir='ltr'><strong>hereditatem.</strong></span> <span class='ocrx_word' id='word_1_39' title='bbox 781 714 817 773; x_wconf 92' lang='lat' dir='ltr'><strong>de</strong></span> <span class='ocrx_word' id='word_1_40' title='bbox 850 733 885 773; x_wconf 92' lang='lat' dir='ltr'><strong>eo</strong></span> <span class='ocrx_word' id='word_1_41' title='bbox 913 718 1014 774; x_wconf 86' lang='lat' dir='ltr'><strong>autem</strong></span> <span class='ocrx_word' id='word_1_42' title='bbox 1043 717 1095 794; x_wconf 91' lang='lat' dir='ltr'><strong>qui</strong></span> 
     </span>
     <span class='ocr_line' id='line_1_7' title="bbox 83 801 1094 881; baseline 0.004 -21"><span class='ocrx_word' id='word_1_43' title='bbox 83 801 268 861; x_wconf 84' lang='lat' dir='ltr'><strong>centensimo</strong></span> <span class='ocrx_word' id='word_1_44' title='bbox 288 802 490 881; x_wconf 83' lang='lat' dir='ltr'><strong>octogensimo</strong></span> <span class='ocrx_word' id='word_1_45' title='bbox 510 802 639 862; x_wconf 89' lang='lat' dir='ltr'><strong>secundo</strong></span> <span class='ocrx_word' id='word_1_46' title='bbox 654 802 702 862; x_wconf 91' lang='lat' dir='ltr'><strong>die</strong></span> <span class='ocrx_word' id='word_1_47' title='bbox 716 803 806 862; x_wconf 90' lang='lat' dir='ltr'><strong>natus</strong></span> <span class='ocrx_word' id='word_1_48' title='bbox 821 805 876 879; x_wconf 90' lang='lat' dir='ltr'><strong>est,</strong></span> <span class='ocrx_word' id='word_1_49' title='bbox 894 803 1094 879; x_wconf 74' lang='lat' dir='ltr'><strong>Hippocrates</strong></span> 
     </span>
     <span class='ocr_line' id='line_1_8' title="bbox 84 889 1097 969; baseline 0.004 -20"><span class='ocrx_word' id='word_1_50' title='bbox 84 889 204 966; x_wconf 82' lang='lat' dir='ltr'><strong>scripsit</strong></span> <span class='ocrx_word' id='word_1_51' title='bbox 222 893 254 950; x_wconf 86' lang='lat' dir='ltr'><strong>et</strong></span> <span class='ocrx_word' id='word_1_52' title='bbox 273 889 359 950; x_wconf 80' lang='lat' dir='ltr'><strong>divus</strong></span> <span class='ocrx_word' id='word_1_53' title='bbox 378 890 450 952; x_wconf 91' lang='lat' dir='ltr'><strong>Pius</strong></span> <span class='ocrx_word' id='word_1_54' title='bbox 468 891 659 967; x_wconf 89' lang='lat' dir='ltr'><strong>pontificibus</strong></span> <span class='ocrx_word' id='word_1_55' title='bbox 682 890 836 968; x_wconf 79' lang='lat' dir='ltr'><strong>rescripsit</strong></span> <span class='ocrx_word' id='word_1_56' title='bbox 857 891 938 952; x_wconf 90' lang='lat' dir='ltr'><strong>iusto</strong></span> <span class='ocrx_word' id='word_1_57' title='bbox 961 895 1097 969; x_wconf 89' lang='lat' dir='ltr'><strong>tempore</strong></span> 
     </span>
     <span class='ocr_line' id='line_1_9' title="bbox 79 971 392 1041; baseline 0 -1"><span class='ocrx_word' id='word_1_58' title='bbox 79 978 178 1040; x_wconf 83' lang='lat' dir='ltr'><strong>videri</strong></span> <span class='ocrx_word' id='word_1_59' title='bbox 199 971 325 1041; x_wconf 84' lang='lat' dir='ltr'><strong>natum&#39;.</strong></span> <span class='ocrx_word' id='word_1_60' title='bbox 341 1023 348 1038; x_wconf 94' lang='lat'><strong>.</strong></span> <span class='ocrx_word' id='word_1_61' title='bbox 363 1024 392 1040; x_wconf 89' lang='lat'><strong>..</strong></span> 
     </span>
    </p>
   </div>
   <div class='ocr_carea' id='block_1_3' title="bbox 496 1114 676 1186">
    <p class='ocr_par' dir='ltr' id='par_1_4' title="bbox 496 1114 676 1186">
     <span class='ocr_line' id='line_1_10' title="bbox 496 1114 676 1186; baseline 0 -15"><span class='ocrx_word' id='word_1_62' title='bbox 496 1114 541 1171; x_wconf 84' lang='lat' dir='ltr'><strong>De</strong></span> <span class='ocrx_word' id='word_1_63' title='bbox 558 1115 676 1186; x_wconf 74' lang='lat' dir='ltr'><strong>opuntis.</strong></span> 
     </span>
    </p>
   </div>
   <div class='ocr_carea' id='block_1_4' title="bbox 77 1221 1177 3350">
    <p class='ocr_par' dir='ltr' id='par_1_5' title="bbox 79 1221 1097 2282">
     <span class='ocr_line' id='line_1_11' title="bbox 171 1221 1095 1308; baseline 0.004 -23"><span class='ocrx_word' id='word_1_64' title='bbox 171 1221 215 1286; x_wconf 72' lang='lat' dir='ltr'><strong>‘si</strong></span> <span class='ocrx_word' id='word_1_65' title='bbox 237 1227 340 1287; x_wconf 90' lang='lat' dir='ltr'><strong>nullus</strong></span> <span class='ocrx_word' id='word_1_66' title='bbox 363 1227 404 1288; x_wconf 89' lang='lat' dir='ltr'><strong>sit</strong></span> <span class='ocrx_word' id='word_1_67' title='bbox 427 1246 550 1288; x_wconf 90' lang='lat' dir='ltr'><strong>suorum</strong></span> <span class='ocrx_word' id='word_1_68' title='bbox 573 1229 731 1308; x_wconf 84' lang='lat' dir='ltr'><strong>heredum,</strong></span> <span class='ocrx_word' id='word_1_69' title='bbox 760 1233 832 1289; x_wconf 92' lang='lat' dir='ltr'><strong>tunc</strong></span> <span class='ocrx_word' id='word_1_70' title='bbox 854 1229 1005 1289; x_wconf 87' lang='lat' dir='ltr'><strong>hereditas</strong></span> <span class='ocrx_word' id='word_1_71' title='bbox 1028 1248 1095 1305; x_wconf 86' lang='lat' dir='ltr'><strong>pcr-</strong></span> 
     </span>
     <span class='ocr_line' id='line_1_12' title="bbox 80 1314 1096 1395; baseline 0 -19"><span class='ocrx_word' id='word_1_72' title='bbox 80 1316 159 1376; x_wconf 91' lang='lat' dir='ltr'><strong>tinet</strong></span> <span class='ocrx_word' id='word_1_73' title='bbox 182 1335 219 1376; x_wconf 86' lang='lat' dir='ltr'><strong>ex</strong></span> <span class='ocrx_word' id='word_1_74' title='bbox 242 1314 345 1375; x_wconf 88' lang='lat' dir='ltr'><strong>eadem</strong></span> <span class='ocrx_word' id='word_1_75' title='bbox 363 1315 430 1395; x_wconf 81' lang='lat' dir='ltr'><strong>lege</strong></span> <span class='ocrx_word' id='word_1_76' title='bbox 448 1317 508 1375; x_wconf 91' lang='lat' dir='ltr'><strong>XII</strong></span> <span class='ocrx_word' id='word_1_77' title='bbox 525 1318 698 1377; x_wconf 90' lang='lat' dir='ltr'><strong>tabularum</strong></span> <span class='ocrx_word' id='word_1_78' title='bbox 717 1319 756 1377; x_wconf 94' lang='lat' dir='ltr'><strong>ad</strong></span> <span class='ocrx_word' id='word_1_79' title='bbox 774 1322 900 1395; x_wconf 79' lang='lat' dir='ltr'><strong>agnatos</strong></span> <span class='ocrx_word' id='word_1_80' title='bbox 919 1363 970 1379; x_wconf 90' lang='lat'><strong>...</strong></span> <span class='ocrx_word' id='word_1_81' title='bbox 991 1318 1096 1378; x_wconf 90' lang='lat' dir='ltr'><strong>eodem</strong></span> 
     </span>
     <span class='ocr_line' id='line_1_13' title="bbox 81 1405 1097 1486; baseline 0.001 -22"><span class='ocrx_word' id='word_1_82' title='bbox 81 1407 254 1483; x_wconf 85' lang='lat' dir='ltr'><strong>patronati</strong></span> <span class='ocrx_word' id='word_1_83' title='bbox 272 1405 383 1464; x_wconf 79' lang='lat' dir='ltr'><strong>fratres</strong></span> <span class='ocrx_word' id='word_1_84' title='bbox 402 1405 506 1482; x_wconf 84' lang='lat' dir='ltr'><strong>agnati</strong></span> <span class='ocrx_word' id='word_1_85' title='bbox 524 1405 582 1465; x_wconf 89' lang='lat' dir='ltr'><strong>sibi</strong></span> <span class='ocrx_word' id='word_1_86' title='bbox 600 1410 679 1486; x_wconf 87' lang='lat' dir='ltr'><strong>sunt,</strong></span> <span class='ocrx_word' id='word_1_87' title='bbox 699 1407 751 1484; x_wconf 89' lang='lat' dir='ltr'><strong>qui</strong></span> <span class='ocrx_word' id='word_1_88' title='bbox 769 1408 861 1467; x_wconf 89' lang='lat' dir='ltr'><strong>etiam</strong></span> <span class='ocrx_word' id='word_1_89' title='bbox 880 1406 1097 1486; x_wconf 84' lang='lat' dir='ltr'><strong>consanguinei</strong></span> 
     </span>
     <span class='ocr_line' id='line_1_14' title="bbox 79 1493 1096 1571; baseline 0 -16"><span class='ocrx_word' id='word_1_90' title='bbox 79 1496 238 1571; x_wconf 80' lang='lat' dir='ltr'><strong>vocantur,</strong></span> <span class='ocrx_word' id='word_1_91' title='bbox 262 1511 317 1552; x_wconf 89' lang='lat' dir='ltr'><strong>nec</strong></span> <span class='ocrx_word' id='word_1_92' title='bbox 339 1493 506 1571; x_wconf 87' lang='lat' dir='ltr'><strong>requiritur</strong></span> <span class='ocrx_word' id='word_1_93' title='bbox 527 1513 566 1553; x_wconf 83' lang='lat' dir='ltr'><strong>en</strong></span> <span class='ocrx_word' id='word_1_94' title='bbox 589 1495 680 1554; x_wconf 89' lang='lat' dir='ltr'><strong>etiam</strong></span> <span class='ocrx_word' id='word_1_95' title='bbox 703 1499 829 1555; x_wconf 90' lang='lat' dir='ltr'><strong>matrem</strong></span> <span class='ocrx_word' id='word_1_96' title='bbox 853 1496 978 1556; x_wconf 90' lang='lat' dir='ltr'><strong>eandem</strong></span> <span class='ocrx_word' id='word_1_97' title='bbox 1000 1495 1096 1570; x_wconf 74' lang='lat' dir='ltr'><strong>habu7</strong></span> 
     </span>
     <span class='ocr_line' id='line_1_15' title="bbox 81 1581 1094 1664; baseline 0.003 -22"><span class='ocrx_word' id='word_1_98' title='bbox 81 1582 169 1642; x_wconf 88' lang='lat' dir='ltr'><strong>erint.</strong></span> <span class='ocrx_word' id='word_1_99' title='bbox 215 1581 289 1641; x_wconf 89' lang='lat' dir='ltr'><strong>item</strong></span> <span class='ocrx_word' id='word_1_100' title='bbox 315 1583 441 1658; x_wconf 90' lang='lat' dir='ltr'><strong>patruus</strong></span> <span class='ocrx_word' id='word_1_101' title='bbox 468 1583 572 1642; x_wconf 86' lang='lat' dir='ltr'><strong>fratris</strong></span> <span class='ocrx_word' id='word_1_102' title='bbox 594 1583 657 1642; x_wconf 91' lang='lat' dir='ltr'><strong>filio</strong></span> <span class='ocrx_word' id='word_1_103' title='bbox 680 1588 712 1643; x_wconf 85' lang='lat' dir='ltr'><strong>et</strong></span> <span class='ocrx_word' id='word_1_104' title='bbox 733 1584 862 1644; x_wconf 89' lang='lat' dir='ltr'><strong>invicem</strong></span> <span class='ocrx_word' id='word_1_105' title='bbox 884 1585 910 1644; x_wconf 90' lang='lat' dir='ltr'><strong>is</strong></span> <span class='ocrx_word' id='word_1_106' title='bbox 933 1585 981 1644; x_wconf 87' lang='lat' dir='ltr'><strong>illi</strong></span> <span class='ocrx_word' id='word_1_107' title='bbox 1003 1604 1094 1664; x_wconf 84' lang='lat' dir='ltr'><strong>agua-</strong></span> 
     </span>
     <span class='ocr_line' id='line_1_16' title="bbox 82 1671 1096 1751; baseline 0.002 -21"><span class='ocrx_word' id='word_1_108' title='bbox 82 1673 134 1730; x_wconf 89' lang='lat' dir='ltr'><strong>tus</strong></span> <span class='ocrx_word' id='word_1_109' title='bbox 162 1673 208 1729; x_wconf 85' lang='lat' dir='ltr'><strong>est</strong></span> <span class='ocrx_word' id='word_1_110' title='bbox 306 1689 367 1730; x_wconf 89' lang='lat' dir='ltr'><strong>non</strong></span> <span class='ocrx_word' id='word_1_111' title='bbox 393 1673 495 1730; x_wconf 91' lang='lat' dir='ltr'><strong>tamen</strong></span> <span class='ocrx_word' id='word_1_112' title='bbox 528 1671 664 1731; x_wconf 90' lang='lat' dir='ltr'><strong>omnibus</strong></span> <span class='ocrx_word' id='word_1_113' title='bbox 697 1671 788 1732; x_wconf 79' lang='lat' dir='ltr'><strong>simul</strong></span> <span class='ocrx_word' id='word_1_114' title='bbox 819 1674 937 1751; x_wconf 80' lang='lat' dir='ltr'><strong>agnatis</strong></span> <span class='ocrx_word' id='word_1_115' title='bbox 967 1675 1020 1733; x_wconf 85' lang='lat' dir='ltr'><strong>dat</strong></span> <span class='ocrx_word' id='word_1_116' title='bbox 1047 1675 1096 1734; x_wconf 88' lang='lat' dir='ltr'><strong>lex</strong></span> 
     </span>
     <span class='ocr_line' id='line_1_17' title="bbox 81 1759 1095 1838; baseline 0.003 -19"><span class='ocrx_word' id='word_1_117' title='bbox 81 1759 142 1820; x_wconf 86' lang='lat' dir='ltr'><strong>XII</strong></span> <span class='ocrx_word' id='word_1_118' title='bbox 169 1759 344 1818; x_wconf 88' lang='lat' dir='ltr'><strong>tabularum</strong></span> <span class='ocrx_word' id='word_1_119' title='bbox 370 1759 583 1836; x_wconf 89' lang='lat' dir='ltr'><strong>hereditatem,</strong></span> <span class='ocrx_word' id='word_1_120' title='bbox 614 1760 666 1820; x_wconf 90' lang='lat' dir='ltr'><strong>sed</strong></span> <span class='ocrx_word' id='word_1_121' title='bbox 694 1761 741 1820; x_wconf 92' lang='lat' dir='ltr'><strong>his</strong></span> <span class='ocrx_word' id='word_1_122' title='bbox 769 1761 821 1838; x_wconf 90' lang='lat' dir='ltr'><strong>qui</strong></span> <span class='ocrx_word' id='word_1_123' title='bbox 848 1766 914 1820; x_wconf 89' lang='lat' dir='ltr'><strong>tum</strong></span> <span class='ocrx_word' id='word_1_124' title='bbox 942 1782 1009 1822; x_wconf 89' lang='lat' dir='ltr'><strong>cum</strong></span> <span class='ocrx_word' id='word_1_125' title='bbox 1033 1781 1095 1822; x_wconf 88' lang='lat' dir='ltr'><strong>cer-</strong></span> 
     </span>
     <span class='ocr_line' id='line_1_18' title="bbox 81 1847 1097 1929; baseline 0.001 -20"><span class='ocrx_word' id='word_1_126' title='bbox 81 1855 150 1909; x_wconf 84' lang='lat' dir='ltr'><strong>tum</strong></span> <span class='ocrx_word' id='word_1_127' title='bbox 183 1854 230 1908; x_wconf 89' lang='lat' dir='ltr'><strong>est</strong></span> <span class='ocrx_word' id='word_1_128' title='bbox 262 1847 392 1926; x_wconf 86' lang='lat' dir='ltr'><strong>aliquem</strong></span> <span class='ocrx_word' id='word_1_129' title='bbox 422 1847 601 1908; x_wconf 87' lang='lat' dir='ltr'><strong>intestatum</strong></span> <span class='ocrx_word' id='word_1_130' title='bbox 627 1848 803 1927; x_wconf 87' lang='lat' dir='ltr'><strong>decessisse,</strong></span> <span class='ocrx_word' id='word_1_131' title='bbox 835 1851 970 1926; x_wconf 87' lang='lat' dir='ltr'><strong>proximo</strong></span> <span class='ocrx_word' id='word_1_132' title='bbox 999 1852 1097 1929; x_wconf 82' lang='lat' dir='ltr'><strong>gradu</strong></span> 
     </span>
     <span class='ocr_line' id='line_1_19' title="bbox 83 1936 1095 2018; baseline 0.001 -19"><span class='ocrx_word' id='word_1_133' title='bbox 83 1941 163 2001; x_wconf 87' lang='lat' dir='ltr'><strong>sunt.</strong></span> <span class='ocrx_word' id='word_1_134' title='bbox 208 1957 263 1997; x_wconf 90' lang='lat' dir='ltr'><strong>nec</strong></span> <span class='ocrx_word' id='word_1_135' title='bbox 289 1937 322 1996; x_wconf 91' lang='lat' dir='ltr'><strong>in</strong></span> <span class='ocrx_word' id='word_1_136' title='bbox 349 1956 383 1997; x_wconf 87' lang='lat' dir='ltr'><strong>eo</strong></span> <span class='ocrx_word' id='word_1_137' title='bbox 406 1936 472 1996; x_wconf 91' lang='lat' dir='ltr'><strong>iure</strong></span> <span class='ocrx_word' id='word_1_138' title='bbox 496 1937 643 1997; x_wconf 87' lang='lat' dir='ltr'><strong>successio</strong></span> <span class='ocrx_word' id='word_1_139' title='bbox 667 1941 722 1997; x_wconf 90' lang='lat' dir='ltr'><strong>est.</strong></span> <span class='ocrx_word' id='word_1_140' title='bbox 767 1939 893 2016; x_wconf 90' lang='lat' dir='ltr'><strong>ideoque</strong></span> <span class='ocrx_word' id='word_1_141' title='bbox 917 1939 942 1998; x_wconf 91' lang='lat' dir='ltr'><strong>si</strong></span> <span class='ocrx_word' id='word_1_142' title='bbox 966 1942 1095 2018; x_wconf 81' lang='lat' dir='ltr'><strong>agnatus</strong></span> 
     </span>
     <span class='ocr_line' id='line_1_20' title="bbox 82 2025 1096 2107; baseline 0.003 -21"><span class='ocrx_word' id='word_1_143' title='bbox 82 2027 238 2105; x_wconf 86' lang='lat' dir='ltr'><strong>proximus</strong></span> <span class='ocrx_word' id='word_1_144' title='bbox 274 2025 472 2086; x_wconf 85' lang='lat' dir='ltr'><strong>hereditatem</strong></span> <span class='ocrx_word' id='word_1_145' title='bbox 509 2027 657 2104; x_wconf 89' lang='lat' dir='ltr'><strong>omiserit,</strong></span> <span class='ocrx_word' id='word_1_146' title='bbox 694 2028 744 2088; x_wconf 85' lang='lat' dir='ltr'><strong>vel</strong></span> <span class='ocrx_word' id='word_1_147' title='bbox 780 2031 941 2106; x_wconf 87' lang='lat' dir='ltr'><strong>antequam</strong></span> <span class='ocrx_word' id='word_1_148' title='bbox 977 2029 1096 2107; x_wconf 85' lang='lat' dir='ltr'><strong>adierit,</strong></span> 
     </span>
     <span class='ocr_line' id='line_1_21' title="bbox 84 2112 1096 2196; baseline 0.002 -20"><span class='ocrx_word' id='word_1_149' title='bbox 84 2115 258 2193; x_wconf 80' lang='lat' dir='ltr'><strong>decesserit,</strong></span> <span class='ocrx_word' id='word_1_150' title='bbox 299 2115 494 2192; x_wconf 89' lang='lat' dir='ltr'><strong>sequentibus</strong></span> <span class='ocrx_word' id='word_1_151' title='bbox 530 2116 606 2175; x_wconf 80' lang='lat' dir='ltr'><strong>nihss</strong></span> <span class='ocrx_word' id='word_1_152' title='bbox 640 2116 716 2176; x_wconf 88' lang='lat' dir='ltr'><strong>iuris</strong></span> <span class='ocrx_word' id='word_1_153' title='bbox 753 2136 789 2176; x_wconf 87' lang='lat' dir='ltr'><strong>ex</strong></span> <span class='ocrx_word' id='word_1_154' title='bbox 824 2118 892 2196; x_wconf 82' lang='lat' dir='ltr'><strong>lege</strong></span> <span class='ocrx_word' id='word_1_155' title='bbox 928 2112 1096 2196; x_wconf 89' lang='lat' dir='ltr'><strong>competit&#39;.</strong></span> 
     </span>
     <span class='ocr_line' id='line_1_22' title="bbox 81 2205 235 2282; baseline -0.006 -16"><span class='ocrx_word' id='word_1_156' title='bbox 81 2205 147 2266; x_wconf 86' lang='lat' dir='ltr'><strong>Gai.</strong></span> <span class='ocrx_word' id='word_1_157' title='bbox 162 2207 191 2282; x_wconf 91' lang='lat'><strong>3,</strong></span> <span class='ocrx_word' id='word_1_158' title='bbox 207 2206 235 2265; x_wconf 86' lang='grc'><strong>9.</strong></span> 
     </span>
    </p>

    <p class='ocr_par' dir='ltr' id='par_1_6' title="bbox 77 2286 1177 3350">
     <span class='ocr_line' id='line_1_23' title="bbox 171 2286 1094 2372; baseline 0.003 -20"><span class='ocrx_word' id='word_1_159' title='bbox 171 2286 269 2363; x_wconf 77' lang='lat' dir='ltr'><strong>‘Quod</strong></span> <span class='ocrx_word' id='word_1_160' title='bbox 289 2293 327 2353; x_wconf 91' lang='lat' dir='ltr'><strong>ad</strong></span> <span class='ocrx_word' id='word_1_161' title='bbox 346 2293 471 2354; x_wconf 88' lang='lat' dir='ltr'><strong>feminas</strong></span> <span class='ocrx_word' id='word_1_162' title='bbox 490 2297 591 2353; x_wconf 89' lang='lat' dir='ltr'><strong>tamen</strong></span> <span class='ocrx_word' id='word_1_163' title='bbox 611 2295 728 2372; x_wconf 89' lang='lat' dir='ltr'><strong>attinet,</strong></span> <span class='ocrx_word' id='word_1_164' title='bbox 751 2295 783 2354; x_wconf 91' lang='lat' dir='ltr'><strong>in</strong></span> <span class='ocrx_word' id='word_1_165' title='bbox 802 2297 858 2354; x_wconf 90' lang='lat' dir='ltr'><strong>hoc</strong></span> <span class='ocrx_word' id='word_1_166' title='bbox 876 2296 941 2355; x_wconf 90' lang='lat' dir='ltr'><strong>iure</strong></span> <span class='ocrx_word' id='word_1_167' title='bbox 960 2296 1045 2356; x_wconf 85' lang='lat' dir='ltr'><strong>alind</strong></span> <span class='ocrx_word' id='word_1_168' title='bbox 1062 2296 1094 2355; x_wconf 88' lang='lat' dir='ltr'><strong>iu</strong></span> 
     </span>
     <span class='ocr_line' id='line_1_24' title="bbox 81 2381 1094 2460; baseline 0.004 -19"><span class='ocrx_word' id='word_1_169' title='bbox 81 2383 217 2460; x_wconf 82' lang='lat' dir='ltr'><strong>ipsarum</strong></span> <span class='ocrx_word' id='word_1_170' title='bbox 234 2381 452 2443; x_wconf 88' lang='lat' dir='ltr'><strong>hereditatibus</strong></span> <span class='ocrx_word' id='word_1_171' title='bbox 471 2383 622 2459; x_wconf 88' lang='lat' dir='ltr'><strong>capiendis</strong></span> <span class='ocrx_word' id='word_1_172' title='bbox 640 2384 764 2458; x_wconf 87' lang='lat' dir='ltr'><strong>placuit,</strong></span> <span class='ocrx_word' id='word_1_173' title='bbox 783 2384 865 2443; x_wconf 90' lang='lat' dir='ltr'><strong>aliud</strong></span> <span class='ocrx_word' id='word_1_174' title='bbox 879 2385 911 2442; x_wconf 90' lang='lat' dir='ltr'><strong>in</strong></span> <span class='ocrx_word' id='word_1_175' title='bbox 925 2388 1094 2445; x_wconf 88' lang='lat' dir='ltr'><strong>ceterorum</strong></span> 
     </span>
     <span class='ocr_line' id='line_1_25' title="bbox 82 2470 1095 2548; baseline 0.001 -17"><span class='ocrx_word' id='word_1_176' title='bbox 82 2472 121 2531; x_wconf 91' lang='lat' dir='ltr'><strong>ab</strong></span> <span class='ocrx_word' id='word_1_177' title='bbox 135 2471 183 2531; x_wconf 89' lang='lat' dir='ltr'><strong>his</strong></span> <span class='ocrx_word' id='word_1_178' title='bbox 197 2470 358 2548; x_wconf 90' lang='lat' dir='ltr'><strong>capiendis.</strong></span> <span class='ocrx_word' id='word_1_179' title='bbox 388 2489 458 2529; x_wconf 92' lang='lat' dir='ltr'><strong>nam</strong></span> <span class='ocrx_word' id='word_1_180' title='bbox 471 2472 650 2530; x_wconf 85' lang='lat' dir='ltr'><strong>feminarum</strong></span> <span class='ocrx_word' id='word_1_181' title='bbox 663 2472 846 2532; x_wconf 88' lang='lat' dir='ltr'><strong>hereditates</strong></span> <span class='ocrx_word' id='word_1_182' title='bbox 857 2473 981 2548; x_wconf 89' lang='lat' dir='ltr'><strong>proinde</strong></span> <span class='ocrx_word' id='word_1_183' title='bbox 992 2474 1030 2532; x_wconf 93' lang='lat' dir='ltr'><strong>ad</strong></span> <span class='ocrx_word' id='word_1_184' title='bbox 1039 2492 1095 2533; x_wconf 92' lang='lat' dir='ltr'><strong>nos</strong></span> 
     </span>
     <span class='ocr_line' id='line_1_26' title="bbox 82 2558 1094 2639; baseline 0 -18"><span class='ocrx_word' id='word_1_185' title='bbox 82 2560 255 2639; x_wconf 79' lang='lat' dir='ltr'><strong>agnatioms</strong></span> <span class='ocrx_word' id='word_1_186' title='bbox 282 2559 348 2618; x_wconf 90' lang='lat' dir='ltr'><strong>iure</strong></span> <span class='ocrx_word' id='word_1_187' title='bbox 371 2558 500 2618; x_wconf 89' lang='lat' dir='ltr'><strong>redeunt</strong></span> <span class='ocrx_word' id='word_1_188' title='bbox 522 2558 613 2635; x_wconf 89' lang='lat' dir='ltr'><strong>atque</strong></span> <span class='ocrx_word' id='word_1_189' title='bbox 636 2560 853 2637; x_wconf 82' lang='lat' dir='ltr'><strong>masculorum3</strong></span> <span class='ocrx_word' id='word_1_190' title='bbox 877 2565 998 2620; x_wconf 89' lang='lat' dir='ltr'><strong>nostrae</strong></span> <span class='ocrx_word' id='word_1_191' title='bbox 1023 2581 1094 2621; x_wconf 88' lang='lat' dir='ltr'><strong>vero</strong></span> 
     </span>
     <span class='ocr_line' id='line_1_27' title="bbox 80 2648 1094 2725; baseline 0 -16"><span class='ocrx_word' id='word_1_192' title='bbox 80 2648 265 2710; x_wconf 88' lang='lat' dir='ltr'><strong>hereditates</strong></span> <span class='ocrx_word' id='word_1_193' title='bbox 301 2649 339 2707; x_wconf 89' lang='lat' dir='ltr'><strong>ad</strong></span> <span class='ocrx_word' id='word_1_194' title='bbox 370 2648 497 2706; x_wconf 86' lang='lat' dir='ltr'><strong>feminas</strong></span> <span class='ocrx_word' id='word_1_195' title='bbox 529 2648 612 2706; x_wconf 86' lang='lat' dir='ltr'><strong>ultra</strong></span> <span class='ocrx_word' id='word_1_196' title='bbox 643 2648 931 2725; x_wconf 78' lang='lat' dir='ltr'><strong>consanguineorum</strong></span> <span class='ocrx_word' id='word_1_197' title='bbox 964 2649 1094 2724; x_wconf 86' lang='lat' dir='ltr'><strong>gradum</strong></span> 
     </span>
     <span class='ocr_line' id='line_1_28' title="bbox 79 2736 1096 2816; baseline -0.001 -17"><span class='ocrx_word' id='word_1_198' title='bbox 79 2757 142 2799; x_wconf 90' lang='lat' dir='ltr'><strong>non</strong></span> <span class='ocrx_word' id='word_1_199' title='bbox 164 2738 326 2816; x_wconf 84' lang='lat' dir='ltr'><strong>pertinent.</strong></span> <span class='ocrx_word' id='word_1_200' title='bbox 361 2736 464 2814; x_wconf 84' lang='lat' dir='ltr'><strong>itaque</strong></span> <span class='ocrx_word' id='word_1_201' title='bbox 488 2754 573 2797; x_wconf 90' lang='lat' dir='ltr'><strong>soror</strong></span> <span class='ocrx_word' id='word_1_202' title='bbox 596 2736 683 2795; x_wconf 81' lang='lat' dir='ltr'><strong>fratri</strong></span> <span class='ocrx_word' id='word_1_203' title='bbox 702 2736 832 2798; x_wconf 89' lang='lat' dir='ltr'><strong>sororive</strong></span> <span class='ocrx_word' id='word_1_204' title='bbox 850 2737 989 2811; x_wconf 82' lang='lat' dir='ltr'><strong>legitima</strong></span> <span class='ocrx_word' id='word_1_205' title='bbox 1006 2738 1096 2798; x_wconf 90' lang='lat' dir='ltr'><strong>heras</strong></span> 
     </span>
     <span class='ocr_line' id='line_1_29' title="bbox 78 2819 1093 2906; baseline -0.004 -18"><span class='ocrx_word' id='word_1_206' title='bbox 78 2830 140 2906; x_wconf 88' lang='lat' dir='ltr'><strong>est,</strong></span> <span class='ocrx_word' id='word_1_207' title='bbox 168 2826 262 2886; x_wconf 90' lang='lat' dir='ltr'><strong>amita</strong></span> <span class='ocrx_word' id='word_1_208' title='bbox 289 2844 360 2885; x_wconf 85' lang='lat' dir='ltr'><strong>vero</strong></span> <span class='ocrx_word' id='word_1_209' title='bbox 389 2828 420 2885; x_wconf 89' lang='lat' dir='ltr'><strong>et</strong></span> <span class='ocrx_word' id='word_1_210' title='bbox 447 2826 550 2886; x_wconf 87' lang='lat' dir='ltr'><strong>fratris</strong></span> <span class='ocrx_word' id='word_1_211' title='bbox 572 2824 636 2884; x_wconf 89' lang='lat' dir='ltr'><strong>filia</strong></span> <span class='ocrx_word' id='word_1_212' title='bbox 657 2825 794 2904; x_wconf 83' lang='lat' dir='ltr'><strong>legitima</strong></span> <span class='ocrx_word' id='word_1_213' title='bbox 816 2826 902 2884; x_wconf 90' lang='lat' dir='ltr'><strong>heres</strong></span> <span class='ocrx_word' id='word_1_214' title='bbox 926 2843 990 2884; x_wconf 90' lang='lat' dir='ltr'><strong>esse</strong></span> <span class='ocrx_word' id='word_1_215' title='bbox 1013 2819 1093 2903; x_wconf 85' lang='lat' dir='ltr'><strong>&lt;non</strong></span> 
     </span>
     <span class='ocr_line' id='line_1_30' title="bbox 77 2909 1097 2995; baseline -0.003 -18"><span class='ocrx_word' id='word_1_216' title='bbox 77 2919 190 2995; x_wconf 90' lang='lat' dir='ltr'><strong>potest.</strong></span> <span class='ocrx_word' id='word_1_217' title='bbox 235 2915 346 2976; x_wconf 87' lang='lat' dir='ltr'><strong>sororis</strong></span> <span class='ocrx_word' id='word_1_218' title='bbox 374 2917 476 2974; x_wconf 90' lang='lat' dir='ltr'><strong>autem</strong></span> <span class='ocrx_word' id='word_1_219' title='bbox 502 2914 588 2975; x_wconf 90' lang='lat' dir='ltr'><strong>nobis</strong></span> <span class='ocrx_word' id='word_1_220' title='bbox 616 2915 681 2975; x_wconf 91' lang='lat' dir='ltr'><strong>loco</strong></span> <span class='ocrx_word' id='word_1_221' title='bbox 710 2909 778 2994; x_wconf 88' lang='lat' dir='ltr'><strong>est&gt;</strong></span> <span class='ocrx_word' id='word_1_222' title='bbox 806 2915 898 2974; x_wconf 88' lang='lat' dir='ltr'><strong>etiam</strong></span> <span class='ocrx_word' id='word_1_223' title='bbox 920 2917 1019 2974; x_wconf 90' lang='lat' dir='ltr'><strong>mater</strong></span> <span class='ocrx_word' id='word_1_224' title='bbox 1041 2918 1097 2974; x_wconf 90' lang='lat' dir='ltr'><strong>aut</strong></span> 
     </span>
     <span class='ocr_line' id='line_1_31' title="bbox 79 3004 1094 3082; baseline -0.006 -14"><span class='ocrx_word' id='word_1_225' title='bbox 79 3024 208 3067; x_wconf 83' lang='lat' dir='ltr'><strong>noverca</strong></span> <span class='ocrx_word' id='word_1_226' title='bbox 235 3023 311 3082; x_wconf 88' lang='lat' dir='ltr'><strong>quae</strong></span> <span class='ocrx_word' id='word_1_227' title='bbox 335 3022 388 3080; x_wconf 91' lang='lat' dir='ltr'><strong>per</strong></span> <span class='ocrx_word' id='word_1_228' title='bbox 415 3004 446 3063; x_wconf 90' lang='lat' dir='ltr'><strong>in</strong></span> <span class='ocrx_word' id='word_1_229' title='bbox 474 3023 596 3063; x_wconf 92' lang='lat' dir='ltr'><strong>manum</strong></span> <span class='ocrx_word' id='word_1_230' title='bbox 624 3005 851 3065; x_wconf 88' lang='lat' dir='ltr'><strong>conventionem</strong></span> <span class='ocrx_word' id='word_1_231' title='bbox 874 3005 953 3080; x_wconf 91' lang='lat' dir='ltr'><strong>apud</strong></span> <span class='ocrx_word' id='word_1_232' title='bbox 975 3006 1094 3080; x_wconf 90' lang='lat' dir='ltr'><strong>patrem</strong></span> 
     </span>
     <span class='ocr_line' id='line_1_32' title="bbox 81 3092 1093 3172; baseline -0.004 -16"><span class='ocrx_word' id='word_1_233' title='bbox 81 3098 219 3156; x_wconf 88' lang='lat' dir='ltr'><strong>nostrum</strong></span> <span class='ocrx_word' id='word_1_234' title='bbox 246 3095 313 3153; x_wconf 88' lang='lat' dir='ltr'><strong>iura</strong></span> <span class='ocrx_word' id='word_1_235' title='bbox 339 3093 419 3152; x_wconf 89' lang='lat' dir='ltr'><strong>filiae</strong></span> <span class='ocrx_word' id='word_1_236' title='bbox 446 3096 536 3152; x_wconf 91' lang='lat' dir='ltr'><strong>nacta</strong></span> <span class='ocrx_word' id='word_1_237' title='bbox 562 3096 617 3152; x_wconf 91' lang='lat' dir='ltr'><strong>est.</strong></span> <span class='ocrx_word' id='word_1_238' title='bbox 664 3093 773 3153; x_wconf 88' lang='lat' dir='ltr'><strong>...si</strong></span> <span class='ocrx_word' id='word_1_239' title='bbox 800 3093 829 3152; x_wconf 90' lang='lat' dir='ltr'><strong>ei</strong></span> <span class='ocrx_word' id='word_1_240' title='bbox 858 3094 911 3172; x_wconf 89' lang='lat' dir='ltr'><strong>qui</strong></span> <span class='ocrx_word' id='word_1_241' title='bbox 934 3092 1093 3152; x_wconf 89' lang='lat' dir='ltr'><strong>defunctus</strong></span> 
     </span>
     <span class='ocr_line' id='line_1_33' title="bbox 80 3176 1096 3260; baseline -0.004 -17"><span class='ocrx_word' id='word_1_242' title='bbox 80 3185 152 3260; x_wconf 90' lang='lat' dir='ltr'><strong>erit,</strong></span> <span class='ocrx_word' id='word_1_243' title='bbox 180 3183 220 3242; x_wconf 87' lang='lat' dir='ltr'><strong>sit</strong></span> <span class='ocrx_word' id='word_1_244' title='bbox 242 3183 337 3242; x_wconf 88' lang='lat' dir='ltr'><strong>frater</strong></span> <span class='ocrx_word' id='word_1_245' title='bbox 360 3185 391 3242; x_wconf 89' lang='lat' dir='ltr'><strong>et</strong></span> <span class='ocrx_word' id='word_1_246' title='bbox 414 3181 539 3241; x_wconf 87' lang='lat' dir='ltr'><strong>alterius</strong></span> <span class='ocrx_word' id='word_1_247' title='bbox 562 3181 665 3241; x_wconf 84' lang='lat' dir='ltr'><strong>fratris</strong></span> <span class='ocrx_word' id='word_1_248' title='bbox 688 3176 782 3260; x_wconf 89' lang='lat' dir='ltr'><strong>filius,</strong></span> <span class='ocrx_word' id='word_1_249' title='bbox 876 3183 971 3241; x_wconf 88' lang='lat' dir='ltr'><strong>frater</strong></span> <span class='ocrx_word' id='word_1_250' title='bbox 992 3181 1096 3258; x_wconf 90' lang='lat' dir='ltr'><strong>potior</strong></span> 
     </span>
     <span class='ocr_line' id='line_1_34' title="bbox 81 3267 1177 3350; baseline -0.003 -18"><span class='ocrx_word' id='word_1_251' title='bbox 81 3276 137 3349; x_wconf 89' lang='lat' dir='ltr'><strong>est,</strong></span> <span class='ocrx_word' id='word_1_252' title='bbox 156 3271 227 3350; x_wconf 89' lang='lat' dir='ltr'><strong>quia</strong></span> <span class='ocrx_word' id='word_1_253' title='bbox 246 3271 343 3349; x_wconf 82' lang='lat' dir='ltr'><strong>gradu</strong></span> <span class='ocrx_word' id='word_1_254' title='bbox 360 3271 534 3346; x_wconf 88' lang='lat' dir='ltr'><strong>praecedit.</strong></span> <span class='ocrx_word' id='word_1_255' title='bbox 551 3316 578 3330; x_wconf 90' lang='lat'><strong>..</strong></span> <span class='ocrx_word' id='word_1_256' title='bbox 600 3268 706 3347; x_wconf 90' lang='lat' dir='ltr'><strong>quodsi</strong></span> <span class='ocrx_word' id='word_1_257' title='bbox 725 3269 858 3331; x_wconf 87' lang='lat' dir='ltr'><strong>defuncti</strong></span> <span class='ocrx_word' id='word_1_258' title='bbox 875 3271 978 3331; x_wconf 90' lang='lat' dir='ltr'><strong>nullus</strong></span> <span class='ocrx_word' id='word_1_259' title='bbox 996 3267 1093 3330; x_wconf 89' lang='lat' dir='ltr'><strong>frater</strong></span> <span class='ocrx_word' id='word_1_260' title='bbox 1174 3309 1177 3314; x_wconf 89' lang='lat'>-</span> 
     </span>
    </p>
   </div>
   <div class='ocr_carea' id='block_1_5' title="bbox 76 3354 1198 3638">
    <p class='ocr_par' dir='ltr' id='par_1_7' title="bbox 76 3354 1198 3638">
     <span class='ocr_line' id='line_1_35' title="bbox 78 3354 1094 3438; baseline -0.001 -17"><span class='ocrx_word' id='word_1_261' title='bbox 78 3363 177 3437; x_wconf 84' lang='lat' dir='ltr'><strong>extet,</strong></span> <span class='ocrx_word' id='word_1_262' title='bbox 205 3354 301 3438; x_wconf 78' lang='lat' dir='ltr'><strong>(scd)</strong></span> <span class='ocrx_word' id='word_1_263' title='bbox 329 3359 388 3418; x_wconf 86' lang='lat' dir='ltr'><strong>sint</strong></span> <span class='ocrx_word' id='word_1_264' title='bbox 415 3358 503 3418; x_wconf 89' lang='lat' dir='ltr'><strong>liberi</strong></span> <span class='ocrx_word' id='word_1_265' title='bbox 526 3360 669 3438; x_wconf 90' lang='lat' dir='ltr'><strong>fratrum,</strong></span> <span class='ocrx_word' id='word_1_266' title='bbox 698 3358 736 3419; x_wconf 92' lang='lat' dir='ltr'><strong>ad</strong></span> <span class='ocrx_word' id='word_1_267' title='bbox 760 3378 860 3420; x_wconf 92' lang='lat' dir='ltr'><strong>omnes</strong></span> <span class='ocrx_word' id='word_1_268' title='bbox 884 3359 1094 3420; x_wconf 90' lang='lat' dir='ltr'><strong>..hereditas</strong></span> 
     </span>
     <span class='ocr_line' id='line_1_36' title="bbox 76 3442 685 3527; baseline -0.003 -17"><span class='ocrx_word' id='word_1_269' title='bbox 76 3442 233 3527; x_wconf 89' lang='lat' dir='ltr'><strong>pertinet&#39;.</strong></span> <span class='ocrx_word' id='word_1_270' title='bbox 270 3446 377 3525; x_wconf 64' lang='lat' dir='ltr'><strong>(tais,</strong></span> <span class='ocrx_word' id='word_1_271' title='bbox 395 3450 534 3509; x_wconf 81' lang='lat'><strong>14-16.</strong></span> <span class='ocrx_word' id='word_1_272' title='bbox 684 3449 685 3452; x_wconf 66' lang='grc'>’</span> 
     </span>
     <span class='ocr_line' id='line_1_37' title="bbox 168 3549 1198 3638; baseline 0.001 -23"><span class='ocrx_word' id='word_1_273' title='bbox 168 3550 221 3615; x_wconf 87' lang='grc'><strong>32.</strong></span> <span class='ocrx_word' id='word_1_274' title='bbox 254 3549 322 3615; x_wconf 81' lang='lat' dir='ltr'><strong>Gai.</strong></span> <span class='ocrx_word' id='word_1_275' title='bbox 341 3551 441 3634; x_wconf 58' lang='lat'><strong>3,‚16.</strong></span> <span class='ocrx_word' id='word_1_276' title='bbox 471 3587 510 3597; x_wconf 86' lang='lat'>-</span> <span class='ocrx_word' id='word_1_277' title='bbox 541 3550 781 3635; x_wconf 86' lang='lat' dir='ltr'><strong>..quaesitum</strong></span> <span class='ocrx_word' id='word_1_278' title='bbox 815 3555 877 3637; x_wconf 89' lang='lat' dir='ltr'><strong>est,</strong></span> <span class='ocrx_word' id='word_1_279' title='bbox 915 3553 942 3616; x_wconf 92' lang='lat' dir='ltr'><strong>si</strong></span> <span class='ocrx_word' id='word_1_280' title='bbox 971 3553 1093 3638; x_wconf 90' lang='lat' dir='ltr'><strong>dispari</strong></span> <span class='ocrx_word' id='word_1_281' title='bbox 1141 3606 1198 3616; x_wconf 37' lang='lat' dir='ltr'><strong>a„</strong></span> 
     </span>
    </p>
   </div>
   <div class='ocr_carea' id='block_1_6' title="bbox 0 0 1260 3888">
    <p class='ocr_par' dir='ltr' id='par_1_8' title="bbox 0 0 1260 3888">
     <span class='ocr_line' id='line_1_38' title="bbox 0 0 1260 3888; baseline 0 0"><span class='ocrx_word' id='word_1_282' title='bbox 0 0 1260 3888; x_wconf 95' lang='lat' dir='ltr'><strong> </strong></span> 
     </span>
    </p>
   </div>
  </div>
 </body>
</html>
