2512 3888
385 190 410 239 2.
433 182 616 241 MASURIUS
634 184 787 240 SABINUS
1026 182 1092 247 445

87 349 131 429 (Π
140 372 169 429 p.
181 343 273 433 186);
291 352 322 411 in
340 351 425 411 libris
439 351 477 410 ad
492 351 635 411 Sabinum
649 352 829 428 Pomponius
843 352 919 412 libro
934 350 963 408 V
977 345 1028 430 (D.
1040 353 1092 429 30,

0 506 1 531 Ν
86 443 143 520 ee,
163 443 181 500 a
205 441 239 499 P.
260 435 353 518 448),
384 440 497 500 Paulus
528 440 606 500 noro
637 440 685 500 ΠΙ
717 434 765 519 (Ρ.
785 442 839 510 eo,
860 443 899 501 15
924 444 955 500 et
978 442 1034 519 30,
1050 442 1091 500 ae

85 530 118 592 Ρ.
131 521 286 610 reema),
304 527 451 604 Ulpianus
469 528 545 588 noro
558 527 613 586 xv
632 521 1092 610 (n.oo,1o,1ot,1e.2539).

176 632 228 696 17.
250 629 290 695 D.
304 630 356 714 30,
370 630 423 712 26,
436 630 466 694 2.
494 628 693 712 Pomponius
712 628 796 692 libro
815 630 927 713 quinto
946 630 986 694 ad
1004 629 1093 696 Sabi·

0 708 1 731 *
84 741 161 785 num
186 716 236 804 (P.
254 715 344 804 448).
370 755 408 766 -
435 716 517 785 cum
539 718 697 782 bonorum
720 721 811 801 parte
834 717 944 801 legata
961 718 1092 785 dubium

1 803 3 823 '
86 809 136 891 eit,
159 811 265 872 utrum
288 828 396 872 rerum
418 810 527 892 pertas
552 828 593 871 an
615 805 797 871 aestimatio
816 805 980 889 debeatur,
1003 805 1091 873 Sabi·

1 904 3 914 ’
84 919 146 962 nus
183 896 311 980 quidem
348 899 381 960 et
410 893 538 962 Cassius
575 895 845 977 aestimationem,
876 893 1030 959 Proculus
1062 899 1095 960 et

1 991 3 1072 ᾗ
85 983 195 1050 Nerva
216 1006 322 1049 rerum
345 988 455 1068 partes
478 1004 547 1049 ease
570 984 698 1070 legatas
721 982 994 1049 existimaverunt.

411 1199 462 1262 Ad
484 1204 572 1278 tepem
594 1201 767 1264 Falcidiam.

176 1320 196 1386 ³.
216 1372 223 1388 .
247 1325 318 1385 olim
345 1325 466 1402 quidem
492 1325 602 1385 licebat
625 1329 727 1386 totum
748 1326 963 1402 patrimonium
985 1324 1096 1401 legatia

1 1415 3 1452 ³
87 1421 178 1493 atque
201 1413 393 1475 libertatibus
414 1432 538 1490 erogare
555 1433 610 1474 neo
628 1415 789 1492 quiequam
807 1415 909 1474 heredi
926 1413 1096 1491 relinquere

1 1502 3 1538 ³
85 1507 297 1583 praeterquam
327 1503 414 1561 inane
440 1520 548 1561 nomen
574 1502 706 1580 heredis3
734 1503 824 1579 idque
851 1505 900 1563 lex
922 1502 982 1562 XII
1008 1502 1096 1562 tabu·

86 1595 187 1652 larum
213 1591 388 1667 permittere
413 1590 588 1670 videbatur,
615 1609 674 1667 qua
697 1594 832 1667 cavetur,
858 1595 894 1651 ut
916 1591 997 1669 quod
1019 1591 1098 1668 quie·

87 1699 146 1759 que
174 1680 210 1739 de
237 1698 270 1739 re
298 1698 354 1738 sua
379 1681 509 1740 testatus
536 1681 631 1755 esset,
660 1679 692 1738 id
716 1683 817 1738 ratum
843 1679 1017 1757 haberetur,
1049 1680 1096 1740 hie

1 1795 3 1810 Ρ
87 1768 200 1831 verbis:
219 1767 273 1828 Uti
291 1767 417 1846 legassit
435 1786 507 1827 suae
525 1767 576 1840 rei,
595 1767 640 1826 ita
653 1769 702 1827 ins
716 1770 788 1828 esto.
820 1786 914 1846 qnare
927 1769 980 1844 qni
994 1768 1098 1845 scripti

87 1859 212 1918 heredes
244 1860 343 1934 erant,
374 1855 412 1916 ab
441 1856 608 1916 hereditate
635 1874 667 1916 ae
694 1856 898 1931 abstinebant,
931 1861 962 1917 et
988 1857 1098 1917 ideireo

1 1950 4 1988 1
86 1947 224 2026 plerique
248 1945 385 2005 intestati
406 1945 619 2006 moriebantur.
660 1945 762 2023 itaque
784 1946 848 2005 lata
866 1948 912 2005 eat
929 1946 977 2006 lex
995 1947 1097 2022 Furia,

88 2055 158 2115 qne,
181 2034 312 2110 exeeptis
334 2035 468 2111 personis
491 2033 680 2112 quibusdam,
704 2034 810 2094 ueteris
833 2035 900 2111 plns
922 2036 1005 2095 mille
1024 2035 1097 2096 assi·

1 2131 4 2166 ÷
88 2125 146 2184 bus
173 2125 342 2200 legatorum
369 2124 487 2184 nomine
512 2123 654 2185 mortisve
677 2141 768 2183 eausa
790 2141 896 2200 capere
918 2125 1098 2201 permissum

2 2221 3 2228 ’
88 2232 149 2274 non
176 2216 231 2272 eet.
277 2211 328 2272 aed
356 2213 482 2273 ethaeo
505 2213 553 2272 lex
575 2231 635 2273 non
658 2212 785 2289 perfecit
807 2213 886 2289 quod
907 2214 1018 2292 volnit3
1047 2214 1099 2291 qui

89 2301 171 2362 enim
205 2301 291 2360 verbi
326 2301 427 2380 gratia
462 2301 593 2379 quinque
625 2301 744 2360 milium
775 2302 853 2362 aeria
884 2303 1099 2377 patrimonium

3 2429 4 2436 .
88 2390 233 2460 habebat,
268 2392 388 2465 poterat
423 2390 556 2467 quinque
591 2390 761 2449 hominibus
799 2390 926 2468 singuiis
962 2391 1098 2451 millenos

89 2496 173 2538 aaaee
199 2478 326 2555 legando
355 2481 454 2537 totum
481 2477 696 2554 patrimonium
723 2494 855 2555 erogare.
900 2479 967 2539 ideo
994 2481 1099 2556 postea

88 2568 155 2627 lata
177 2555 224 2626 e‘st
245 2567 294 2625 lex
316 2566 462 2643 Voeouia,
488 2585 547 2641 qua
570 2568 692 2626 tautum
715 2568 774 2642 est,
795 2584 832 2624 ne
856 2567 906 2625 oui
928 2567 997 2642 plus
1018 2568 1099 2645 lega·

88 2659 192 2716 torum
218 2654 338 2715 nomine
363 2654 507 2715 mortisve
535 2672 625 2714 eausa
647 2671 752 2729 capere
774 2653 879 2712 liceret
903 2673 995 2731 qnam
1016 2656 1099 2715 here·

88 2745 143 2806 dea
171 2747 320 2821 caperent.
365 2761 401 2802 ex
428 2762 488 2820 qua
514 2743 580 2821 lege
603 2743 693 2819 plane
715 2741 834 2820 quidem
857 2742 974 2818 aliquid
994 2743 1099 2820 utique

89 2833 216 2894 herodes
238 2833 347 2892 habere
369 2833 562 2909 videbantur,
588 2831 641 2892 aed
663 2834 764 2891 temen
786 2831 849 2890 fere
871 2831 980 2890 vitium
1002 2831 1100 2892 simile

89 2923 284 2999 naaoebatur3
311 2940 380 2981 nam
407 2921 440 2980 in
461 2922 573 2981 multas
596 2920 813 3000 legatariorum
835 2937 977 2996 personas
1001 2920 1100 2980 distri·

88 3012 166 3071 buto
189 3011 368 3087 patrimonio
390 3012 511 3087 poterat
533 3004 705 3088 (tentator)
728 3009 802 3069 adeo
825 3008 927 3068 heredi
944 3008 1101 3068 minimum

89 3100 268 3178 relinquere,
286 3102 322 3160 ut
338 3118 398 3160 non
417 3099 570 3175 expediret
582 3098 686 3158 heredi
699 3099 790 3158 huius
803 3099 880 3157 lueri
894 3097 994 3176 gratia
1006 3098 1101 3158 totino

89 3189 268 3249 hereditatis
295 3206 386 3249 onera
413 3188 570 3247 sustinere.
614 3188 679 3247 lata
700 3189 747 3246 eat
769 3187 870 3264 itaque
887 3187 937 3246 lex
959 3186 1101 3263 Falcidia,

91 3296 153 3353 qua
180 3283 302 3336 eentum
330 3281 389 3355 est,
415 3295 453 3336 ue
480 3277 550 3352 plus
575 3277 603 3336 ei
625 3277 727 3354 legare
749 3275 839 3335 lioeat
861 3295 950 3353 quam
974 3275 1099 3336 dodran·

91 3368 163 3426 tem.
206 3366 309 3444 itaque
331 3383 451 3425 neeesse
474 3367 527 3441 ost,
550 3367 587 3424 nt
608 3364 694 3424 heres
716 3366 854 3440 quartam
876 3367 993 3439 partem
1016 3364 1099 3424 here-

92 3453 198 3514 ditatis
212 3455 330 3514 habeat.
357 3457 388 3514 et
400 3455 456 3514 hoo
469 3473 549 3514 nuno
562 3454 627 3513 iure
641 3448 776 3514 utimur’z
801 3452 866 3513 Gai.
876 3455 905 3532 2,
916 3455 1100 3516 224-227.

186 3537 236 3603 18.
259 3536 298 3604 D.
317 3537 368 3621 35,
382 3539 413 3623 2,
426 3539 470 3604 49
485 3561 532 3624 pr.
573 3537 662 3603 Idem
687 3535 743 3626 (so.
766 3533 900 3625 Paulus)
921 3538 1005 3605 libro
1024 3539 1100 3604 duo·
