2512 3888
404 191 429 242 2.
452 185 637 240 assumus
657 184 810 242 SABINUS
1043 185 1107 248 477

97 355 257 431 habentur,
279 353 420 428 uindicta,
444 372 543 431 sensu,
565 354 747 414 testamento
769 354 943 413 manumissi
967 352 1015 413 sui
1035 352 1110 412 iuris

97 443 178 502 fiunt
190 487 197 500 .
209 460 263 502 neo
281 447 382 501 tamen
401 442 432 500 in
450 443 507 502 hoo
526 460 597 502 casu
613 441 759 502 leerlia
774 441 876 501 Sentio
893 443 992 502 loeum
1009 443 1110 502 habet.

96 531 205 609 ‘itaque
232 531 308 590 nihil
335 531 528 608 requirimus,
557 531 644 591 euius
671 531 780 590 aetatis
808 531 847 590 sit
874 532 900 590 is
928 531 980 608 qui
1006 551 1110 591 manu-

102 620 198 680 mittit
217 622 248 679 et
266 619 318 697 qui
340 620 575 697 manumittitur3
599 637 634 678 ao
655 639 693 678 ne
710 619 786 678 illud
805 619 934 696 quidem,
953 639 991 678 au
1008 623 1109 696 patro·

100 729 175 770 num
207 708 423 770 creditoremre
451 708 651 770 manumissor
676 707 794 767 habeut.
845 725 879 766 ao
905 727 943 767 no
970 727 1111 768 numerus

101 798 224 876 quidem
251 797 318 874 lege
340 797 426 856 Fufia
449 796 573 857 Caninia
600 796 702 857 finitus
729 797 761 855 in
783 797 831 856 his
854 797 989 872 personis
1012 797 1111 856 looum

101 887 200 946 habet.
247 886 319 963 quin
347 886 439 946 etiarn
465 887 561 947 inrito
589 905 706 964 quoque
734 905 769 946 eo
784 885 882 945 vouius
909 885 941 942 in
962 885 1111 962 mancipio

102 978 182 1052 sunt,
205 993 297 1035 oensu
319 974 491 1035 libertatem
514 976 655 1052 oousequi
672 977 807 1052 possunt,
830 976 952 1050 excepto
972 992 1006 1033 eo
1025 992 1114 1050 quem

100 1066 190 1142 pater
212 1083 247 1124 so
269 1065 336 1142 lege
359 1063 508 1140 manoipio
532 1064 626 1138 dedit,
650 1068 684 1124 ut
707 1063 1021 1147 sibirsmanoipstu13
1043 1081 1114 1120 nam

103 1153 323 1230 quodammodo
355 1156 427 1212 tuno
457 1157 545 1229 pater
575 1155 757 1229 potestatem
782 1151 935 1228 propriam
962 1169 1114 1211 reservare

104 1242 163 1302 sibi
193 1241 314 1302 videtur
344 1261 378 1302 eo
405 1241 483 1320 ipso,
516 1242 596 1320 quod
622 1240 770 1318 mancipio
798 1241 912 1315 resipit.
962 1258 996 1298 ao
1022 1257 1060 1298 ne
1087 1238 1114 1298 is

104 1331 226 1409 quidem
257 1329 368 1390 dieitur
398 1331 494 1391 invito
524 1349 558 1390 eo
586 1330 671 1390 ouius
698 1330 730 1387 iu
756 1328 904 1406 mancipio
932 1331 991 1407 est,
1023 1345 1115 1387 oensu

103 1419 275 1478 libertatem
302 1419 458 1496 consequi,
487 1438 575 1495 quem
598 1423 684 1493 pater
707 1436 744 1477 ex
764 1417 865 1478 noxali
888 1435 991 1494 eausa,
1019 1415 1116 1476 veluti

107 1506 187 1584 quod
218 1507 293 1565 furti
326 1507 390 1567 eius
420 1507 538 1566 nomine
566 1507 725 1565 damnatus
753 1508 811 1584 est,
844 1507 992 1582 mancipio
1020 1505 1114 1564 autori

104 1596 199 1670 dedit3
231 1615 299 1654 nam
331 1596 411 1654 hune
440 1597 522 1654 autor
552 1613 606 1670 pro
634 1595 761 1671 pecunia
787 1595 887 1653 habet.
936 1595 969 1653 in
997 1611 1115 1653 summu

105 1685 284 1745 admouendi
304 1702 406 1744 sumus
425 1685 567 1743 advorsus
586 1701 637 1744 eos
656 1700 730 1761 quos
748 1683 781 1741 in
799 1683 946 1758 maueipio
961 1683 1114 1757 habemus,

103 1773 181 1834 nihil
203 1775 289 1834 nobis
312 1772 524 1833 contumeliose
544 1773 641 1830 faeere
660 1772 762 1849 lieers3
786 1771 919 1847 alioquin
936 1771 1114 1830 iniuriarum

103 1855 293 1923 tenebimur.'
331 1860 395 1921 Gai.
412 1863 440 1940 1,
455 1862 638 1920 138—141.

457 2093 504 2152 De
525 2095 602 2152 iustu
623 2095 766 2152 emuluste.

194 2211 242 2276 ‘In
263 2211 427 2294 potestate'
449 2217 577 2294 denique
601 2212 685 2277 ‘sunt'
707 2217 786 2278 servi
806 2217 993 2277 dominorum
1013 2260 1019 2275 .
1038 2234 1114 2294 quae

105 2305 226 2385 quidem
260 2308 395 2382 potestas
431 2305 506 2366 iuris
539 2306 675 2384 gentium
706 2309 765 2382 est3
801 2325 871 2365 uam
902 2306 983 2382 apud
1014 2323 1116 2364 omnes

106 2413 253 2473 peraeque
272 2397 377 2473 gentes
396 2394 632 2457 animadvertere
651 2413 810 2470 possumus
828 2394 955 2454 dominis
968 2395 1001 2453 in
1015 2411 1115 2454 servos

105 2484 188 2544 vitae
201 2483 342 2560 necisque
356 2485 534 2559 potestatem
550 2501 629 2559 esse;
648 2485 679 2542 et
698 2484 904 2559 quodcumque
922 2501 977 2558 per
996 2501 1116 2542 servum

105 2571 289 2648 adquiritur,
321 2571 352 2629 id
385 2572 502 2631 domiuo
530 2564 720 2647 adquiritur'.
769 2565 914 2631 ‘osterum
941 2589 1010 2629 oum
1036 2569 1116 2647 apud

107 2661 188 2724 uiues
207 2661 355 2720 Romanos
374 2659 484 2736 duplex
502 2659 543 2719 sit
560 2658 725 2719 dominium
743 2650 828 2741 (uam
844 2658 895 2720 rel
912 2659 945 2717 iu
962 2659 1048 2718 bonis
1066 2658 1117 2718 vel

106 2770 144 2811 ex
170 2751 235 2810 iure
265 2748 428 2820 Quiritium
457 2749 505 2809 vel
532 2767 568 2807 ex
595 2751 722 2825 utroque
749 2749 814 2808 iure
841 2747 985 2825 cuiusque
1013 2764 1117 2806 servus

105 2857 172 2900 esse
194 2829 405 2918 intellegitur),
427 2837 473 2896 ita
495 2836 614 2896 demum
634 2855 755 2898 serrum
776 2836 809 2896 in
829 2838 981 2914 potestate
1004 2834 1118 2894 domini

105 2947 172 2989 esse
195 2927 341 2996 dicemus,
368 2927 394 2986 si
416 2926 448 2985 in
470 2926 556 2986 bouis
580 2925 644 2986 eius
668 2927 716 3004 sit,
739 2925 857 2985 etiamsi
880 2924 971 2985 simul
994 2942 1030 2983 er
1051 2923 1117 2983 iure

108 3016 272 3087 Quiritium
295 3015 426 3076 eiusdem
444 3035 503 3075 nou
523 3016 575 3093 sit3
598 3034 667 3074 nam
686 3014 735 3090 qui
755 3014 870 3074 nudum
888 3014 935 3073 ius
955 3013 1117 3084 Quiritium

105 3106 139 3165 in
166 3124 252 3166 servo
279 3105 383 3184 habet,
415 3104 441 3164 is
474 3106 656 3180 potestatem
683 3103 794 3163 habere
821 3123 881 3162 non
908 3095 1116 3178 intellegitur?

108 3194 174 3254 Gai.
191 3198 218 3269 1,
234 3195 285 3266 52.
301 3196 351 3254 54.
389 3193 506 3254 civibus
528 3192 669 3252 Romanis
691 3211 751 3252 non
775 3186 857 3252 ‘lieet
880 3210 971 3268 supra
993 3190 1115 3251 modum

106 3286 139 3342 et
158 3283 222 3343 sine
240 3301 331 3343 eausa
346 3283 376 3342 in
402 3300 504 3343 servos
528 3300 597 3342 suos
620 3281 744 3342 saevire.
764 3281 890 3341 ..male
913 3279 992 3340 enim
1014 3282 1117 3340 nostro

105 3372 173 3431 iure
200 3373 247 3431 uti
273 3391 332 3432 non
359 3371 514 3449 debemus3
546 3389 606 3449 qua
632 3370 747 3430 ratione
775 3373 806 3430 et
831 3368 966 3448 prodigis
993 3369 1117 3428 interdi-

109 3459 188 3520 oitur
215 3462 359 3521 bonorum
389 3480 513 3520 suorum
541 3452 780 3520 administratio?
817 3459 882 3520 oei.
904 3462 931 3532 1,
947 3460 997 3520 53.
1034 3477 1119 3535 prae·

107 3547 205 3608 fectus
233 3549 302 3609 urbi
329 3568 429 3610 servos
458 3550 494 3611 de
522 3549 648 3611 domiuis
675 3551 835 3628 querentes
858 3549 956 3628 audit,
984 3547 1010 3608 si
1033 3567 1118 3610 vere-
