2508 3896
392 173 417 221 2.
440 165 625 222 nnsuulus
648 167 802 223 SABINUS
1035 167 1100 231 569

93 332 144 414 sie,
167 330 269 396 veludi
288 329 401 416 scyphi
419 331 523 395 collisi
541 339 598 396 aut
615 331 728 396 tabula
745 353 820 396 rese
838 331 975 416 pictura,
998 331 1100 396 videri

91 442 160 484 rem
184 418 330 501 ‘abesse',
358 420 509 503 quoniam
537 442 647 484 earum
674 439 780 484 rerum
808 420 950 504 pretium
977 442 1044 485 non
1066 419 1101 484 in

30 513 33 522 ’
92 509 289 591 substantie,
314 509 368 572 sed
392 509 427 572 in
451 511 519 572 arte
543 509 759 592 sepositum.

180 593 226 662 4b.
248 595 288 660 D.
298 596 350 677 50,
360 597 467 678 16,13,
477 600 501 662 l.
516 597 603 661 Idem
615 595 851 682 (se.Ulpiunus)
862 596 947 662 libro
959 596 1096 681 septimo

92 686 132 752 ad
147 686 284 750 edietum
296 681 345 772 (P.
355 685 444 770 300).
454 683 571 749 -Res
586 684 724 750 ‘abesse'
739 686 897 768 videntur,
911 690 948 750 ut
958 685 1097 751 Sabinus

92 775 174 839 eide
176 774 321 839 tPedius
340 775 517 859 probent
486 775 582 838 etiem
601 773 671 856 he'e,
691 796 827 858 querum
846 795 963 858 eorpus
983 780 1101 859 menet,

92 863 199 928 formu
227 867 317 927 muts
298 867 352 926 set
379 866 442 947 est;
471 867 504 928 et
489 862 649 928 tideo
623 885 652 927 ιι
675 867 806 949 corrupt
808 884 845 928 ae
792 863 973 928 treddit
959 867 1012 928 tae
1036 825 1102 927 sind

91 953 179 1016 velt
165 951 375 1036 transfigurat
377 973 428 1036 ae,
456 951 558 1016 videri
581 953 707 1036 abesse,
734 953 888 1036 quoniam
910 953 1100 1036 plerumque

91 1042 165 1126 plus
190 1040 272 1105 esf
263 1062 298 1104 m
321 1062 435 1104 manus
459 1041 565 1124 pretio
590 1063 686 1125 quem
709 1040 743 1105 in
765 1063 809 1106 re.

180 1153 216 1214 ef.
235 1151 327 1211 Lenel
350 1151 445 1210 Edief.
460 1173 488 1228 p.
504 1154 545 1212 68
556 1170 598 1230 sq

165 1330 169 1350 ‘
265 1321 309 1377 De
327 1321 494 1388 defendendo
512 1338 541 1377 eo
559 1323 639 1377 euius
656 1323 765 1377 nemine
782 1323 844 1392 puis
861 1328 929 1393 aper.

182 1421 212 1487 5.
245 1422 283 1487 D.
298 1423 328 1506 3,
342 1423 372 1506 3,
386 1423 439 1504 43,
453 1423 473 1487 6
494 1426 526 1486 et
543 1421 587 1486 45
597 1445 655 1507 pr.
683 1420 774 1486 Idem
793 1421 850 1508 (se.
864 1418 997 1508 Paulus)
1016 1421 1101 1486 libro

91 1532 180 1576 nono
200 1511 240 1576 ed
259 1511 397 1576 edietum
412 1510 462 1597 (P.
474 1510 562 1598 185).
578 1546 618 1558 —
635 1509 696 1586 Qui
712 1533 776 1576 non
792 1512 920 1596 cogitur
933 1511 1102 1576 defendere

90 1600 273 1684 absentem,
309 1603 419 1664 temen
455 1599 483 1664 si
519 1600 695 1665 iudicatum
731 1600 815 1664 solvi
847 1599 1017 1665 setisdedit
1049 1599 1101 1664 de-

89 1686 243 1753 fendendi
262 1687 406 1753 absentis
425 1688 540 1773 grafia,
561 1688 740 1774 cogendum
758 1687 929 1754 iudicium1
949 1688 1101 1774 accipere,

88 1798 131 1842 ne
162 1777 302 1862 desipiat
302 1798 341 1841 ur
367 1778 395 1842 is
424 1778 479 1860 qui
506 1778 585 1842 satis
614 1777 750 1862 aceepit3
779 1799 854 1842 nam
878 1799 933 1841 eos
958 1777 1102 1861 quinon
1186 1822 1191 1828 -

87 1865 1101 2040 4⁰43fuffufffssn{effedffmffffadffffafssfss

87 2044 135 2108 siu
163 2048 297 2127 propter
325 2044 482 2128 temporis
504 2048 589 2109 treet
589 2067 657 2124 um,
684 2043 837 2109 iudicium
861 2066 934 2109 eum
958 2044 1101 2128 accipere

88 2132 272 2217 cogendum
364 2129 370 2218 Ι
390 2130 609 2198 Sabinust
552 2136 609 2197 aut
610 2155 660 2198 em
683 2133 791 2197 nullas
814 2137 907 2217 praet
908 2133 973 2198 oris
992 2138 1102 2218 partes

88 2241 164 2286 esse
189 2221 229 2284 ed
253 2221 511 2304 compellendum
534 2221 711 2306 defendere,
737 2222 793 2287 sed
817 2244 856 2288 ex
879 2222 1036 2306 stipulatu
1060 2223 1102 2287 ob

86 2332 162 2376 rem
197 2331 261 2374 non
294 2309 460 2375 defensam
493 2310 547 2395 agi
579 2333 687 2395 posse,
724 2315 758 2375 ef
790 2312 818 2376 si
849 2311 953 2376 iustas
987 2313 1101 2376 causes

85 2398 224 2481 habeat,
256 2420 313 2463 eur
343 2399 497 2464 iudicium
525 2401 670 2483 accipere
696 2399 793 2481 nolit,
824 2397 1010 2482 sponsores*
1037 2421 1103 2464 non

85 2487 209 2570 teneri,
232 2486 308 2572 quie
331 2488 380 2552 vir
403 2488 505 2552 bonus
529 2488 743 2552 arbifreturus
766 2509 833 2551 non
854 2488 962 2571 fuerit,
988 2492 1024 2552 ut
1047 2489 1101 2572 qui

85 2576 214 2642 iustam
237 2576 476 2642 exeusationem
500 2575 653 2654 adferret,
676 2574 844 2640 defendere
868 2579 1045 2658 cogeretur.

181 2687 217 2746 In
245 2687 312 2747 aliis
342 2706 460 2766 quoque
489 2686 665 2746 Tribonieni
692 2705 797 2746 manus
825 2686 946 2746 videtur
973 2687 1101 2747 subesse.

488 2857 532 2912 De
550 2857 612 2913 dolo
629 2857 709 2912 malo.

182 2957 225 3022 6?
253 2956 293 3023 D.
307 2958 382 3043 43,
397 2957 448 3022 34.
486 2956 575 3022 Idem
598 2954 656 3045 (se.
670 2952 845 3040 Ulpianus)
862 2955 948 3020 libro
968 2955 1102 3039 quadra·

84 3047 239 3132 gensimo
268 3046 406 3112 seeundo
434 3044 476 3110 ad
504 3044 657 3111 Sabinum
686 3044 736 3131 (P.
750 3041 877 3146 2894).
899 3079 944 3090 -
967 3043 1002 3109 Si
1030 3066 1102 3108 cum

84 3135 176 3200 mihi
193 3135 397 3218 permisisses
416 3157 530 3200 sexum
549 3156 587 3200 ex
605 3134 739 3200 fundof
725 3138 782 3199 duo
802 3133 903 3198 eicere
918 3133 967 3197 vel
982 3136 1102 3198 eretum

84 3224 145 3290 vel
168 3224 324 3289 herenam
345 3224 463 3307 fodere,
487 3225 519 3288 et
487 3226 647 3307 esumpt
648 3245 702 3287 um
721 3223 755 3286 in
773 3223 857 3287 hune
875 3243 943 3286 rem
962 3221 1103 3306 fecerim,

166 3405 179 3452 1
202 3398 278 3453 Tris.
302 3397 459 3468 cogendum
477 3399 687 3467 procuratorem
705 3395 848 3452 iudicium.
885 3395 971 3452 Lenel
988 3396 1103 3464 forfasse

82 3470 265 3526 scribendum
281 3475 364 3538 putat
382 3469 454 3524 sieut
471 3469 689 3538 procuratorem.

164 3545 180 3593 2
202 3540 277 3596 Tris.
295 3540 480 3596 fideiussores.
