2512 3888
413 128 438 178 2.
463 121 646 178 MASURIUS
666 121 819 180 SABINUS
1056 122 1122 187 427

198 291 284 349 Hunc
292 290 518 366 loeumprotuli,
527 289 663 367 quamvis
674 289 819 350 Sabinum
827 292 906 351 inter
915 284 1120 352 ‘Sabinianus’

107 400 168 440 non
191 380 269 440 iuste
292 378 399 440 referri
422 382 575 456 appareat.

277 575 325 634 De
343 575 524 648 adquirenda
545 574 589 632 uel
612 574 767 633 omittenda
788 574 949 634 hereditate.

197 699 233 758 ln
259 697 404 758 librorum
431 696 472 756 aei
494 696 562 756 Sab.
589 697 769 773 scriptorum
797 699 974 774 fragmentis
1002 701 1039 760 de
1062 702 1119 761 hae
1162 683 1167 698 ⁸

107 807 141 848 re
151 786 304 848 disserunt
312 788 415 864 Pomp.
426 788 610 861 402-423,
625 786 947 865 panemos—1625,
957 787 1027 864 Ulp.
1035 791 1119 850 2471

111 878 255 950 -2501,
279 878 310 936 69
332 876 381 936 hie
405 875 524 953 quidem
546 876 658 936 iterum
680 876 777 936 tribus
800 875 886 936 libris
909 867 1080 958 (VI-IX).

199 995 263 1062 267
288 995 327 1060 D.
341 996 393 1076 29,
408 996 438 1080 2,
452 994 504 1074 30,
521 997 548 1060 1.
585 994 745 1078 Ulpianus
764 995 848 1060 libro
872 999 986 1060 octavo
1005 994 1046 1059 ad
1066 993 1122 1060 Sa·

108 1084 222 1150 binum
259 1083 309 1167 (P.
332 1083 443 1168 2494).
483 1119 522 1130 -
556 1137 562 1150 .
588 1135 595 1150 .
623 1084 753 1150 dieitur:
794 1083 960 1168 proximus
999 1106 1018 1148 a
1055 1084 1122 1150 filio

107 1178 261 1259 postumo
285 1175 390 1258 heres,
416 1172 492 1236 dum
514 1173 630 1237 mulier
652 1194 812 1258 praegnas
836 1176 886 1238 est
910 1177 966 1238 aut
988 1175 1123 1257 putatur

107 1284 194 1346 esse,
224 1263 311 1327 adire
337 1261 551 1326 hereditatem
578 1283 645 1326 non
671 1266 794 1346 potest3
827 1262 882 1327 sed
910 1262 939 1326 si
966 1263 1028 1328 seit
1055 1283 1123 1327 non

107 1372 180 1416 esse
203 1354 423 1436 praegnatem,
446 1354 563 1434 potest.

198 1470 227 1529 A
250 1471 359 1531 Sabine
382 1470 414 1531 id
438 1462 519 1529 ‘diei'
541 1469 635 1530 Lenel
657 1490 712 1546 pro
737 1473 818 1531 eerto
843 1471 961 1531 statuit.

198 1559 247 1619 Ad
269 1559 392 1636 Ulpiani
413 1557 506 1619 verba
532 1577 548 1618 e
573 1559 651 1618 libro
674 1559 714 1618 ad
732 1559 876 1618 Sabinum
895 1563 1001 1621 octavo
1019 1561 1117 1636 petita

108 1648 301 1724 1).43,16,
326 1650 367 1708 13
394 1647 426 1708 P.
447 1649 532 1708 2497
570 1641 686 1724 ‘Neque
722 1647 801 1707 unde
837 1649 868 1708 vi
904 1667 1002 1727 neque
1035 1649 1119 1710 aliud

108 1737 305 1797 interdictum
336 1738 487 1796 famosum
518 1730 576 1796 est'
613 1735 707 1795 Lenel
734 1736 1007 1814 Sabinus-system
1033 1759 1063 1815 p.
1083 1741 1123 1798 31

109 1847 138 1886 n.
154 1829 172 1886 2
189 1828 261 1886 haee
275 1829 374 1885 notat:
388 1820 498 1885 ‘Meine
517 1825 549 1884 in
568 1825 621 1884 der
639 1824 847 1903 Palingenesie
866 1829 1123 1903 ausgesproehene

108 1914 323 1993 Vermuthung
351 1915 392 1974 ist
419 1914 517 1992 wenig
543 1914 821 1974 wahrscheinlieh..
841 1958 870 1974 ..
915 1915 975 1974 Am
998 1916 1122 1977 ehesten

109 2005 228 2064 mliehte
255 2005 305 2063 ieh
328 2005 404 2080 jetzt
429 2003 572 2080 glauben,
601 2003 669 2064 dass
694 2003 822 2063 Sabinus
845 2005 1048 2083 gelegentlich
1070 2004 1123 2066 der

108 2092 142 2152 in
164 2093 217 2152 Nr.
238 2094 322 2153 2494
341 2094 562 2168 besprochenen
580 2091 706 2153 Materia
725 2093 773 2153 die
791 2093 918 2152 Infamia
939 2095 993 2154 der
1011 2095 1120 2154 mulier

108 2200 163 2258 per
195 2182 375 2241 calumniam
407 2183 520 2243 ventris
554 2181 674 2242 nomine
705 2182 737 2241 in
772 2182 993 2260 possessionem
1029 2183 1121 2244 missa

109 2270 234 2330 berllhrt
261 2271 322 2329 und
349 2270 436 2330 dabei
464 2271 529 2330 eine
557 2272 735 2347 allgemeine
762 2271 955 2350 Bemerkung
976 2273 1051 2332 liber
1074 2273 1123 2333 dis

108 2357 236 2418 Infamia
259 2360 398 2436 gemacht
420 2359 506 2437 habe,
530 2359 577 2419 die
599 2379 662 2418 nun
683 2377 745 2420 von
766 2359 878 2437 Ulpian
902 2362 934 2419 in
956 2360 1010 2419 Nr.
1025 2363 1122 2424 2497.

109 2448 196 2508 2498
222 2449 266 2508 sei
289 2466 320 2507 es
344 2448 521 2525 ausgefthrt
545 2447 589 2508 eei
612 2465 643 2507 es
666 2448 898 2526 eingeschrtnkt
922 2443 1016 2510 wird'.

199 2567 266 2632 27?
289 2566 328 2632 D.
343 2567 396 2649 29,
410 2568 441 2651 2,
456 2567 497 2631 13
503 2588 550 2649 pr.
586 2564 675 2629 Idem
690 2563 748 2650 (ee.
763 2565 936 2652 Ulpianus)
951 2567 1036 2632 libro
1051 2590 1124 2654 sep-

107 2655 190 2720 timo
210 2655 251 2720 ad
271 2655 425 2720 Sabinum
446 2653 495 2741 (P.
514 2650 627 2740 2479).
649 2690 687 2700 -
707 2653 740 2718 Is
764 2654 819 2738 qui
841 2653 933 2736 <sine
958 2657 1122 2740 cretione>

108 2743 202 2810 heres
230 2746 401 2810 institutus
425 2749 475 2809 est
498 2743 563 2825 [vel
586 2743 614 2808 is
639 2743 690 2808 eui
713 2743 860 2828 legitima
882 2742 1045 2810 hereditas
1069 2744 1122 2810 de·

108 2834 176 2898 lata
195 2836 271 2918 est],
295 2833 516 2917 repudiatione
538 2831 752 2897 hereditatem
775 2832 907 2897 omittit.

198 2953 344 3030 Ulpianus
376 2953 488 3032 pergit:
521 2947 590 3014 ‘hee
621 2953 666 3013 ita
697 2973 802 3013 verum
832 2956 891 3030 est,
924 2945 961 3012 si'
992 2955 1022 3012 et
1046 2975 1073 3032 q.
1097 2973 1120 3016 s.

107 3043 202 3103 Lenel
223 3045 243 3104 l.
263 3063 286 3105 6.
306 3064 335 3120 p.
350 3045 393 3103 30
415 3045 514 3102 notat:
539 3036 612 3101 ‘Der
635 3043 774 3122 Eingang
796 3061 855 3103 von
877 3041 930 3102 Nr.
947 3043 1043 3120 2479,
1067 3043 1121 3104 der

107 3151 169 3194 von
186 3132 299 3208 Ulpian
320 3133 363 3191 im
381 3131 554 3210 Fulgenden
575 3130 811 3191 einsehrtnkend
828 3131 1018 3207 interpretirt
1036 3132 1121 3213 wind,

108 3221 210 3280 ‹illrfte
233 3221 265 3332 ip
288 3222 386 3281 seiner
408 3219 660 3299 ursprilngliehen
684 3217 801 3280 Gestalt
825 3220 893 3280 dem
916 3220 1044 3282 Sabinus
1068 3241 1122 3282 an·

132 3310 263 3372 ehtren.

109 3329 131 3388 g
201 3398 248 3456 Ad
270 3398 393 3474 Ulpiani
414 3399 620 3476 fragmentum
642 3396 674 3456 P.
690 3399 792 3458 2972ει
813 3389 864 3476 (D.
880 3401 931 3479 29,
946 3401 975 3478 2,
991 3403 1024 3461 6:
1052 3393 1123 3472 ‘Qui

108 3487 142 3545 in
170 3486 269 3546 aliena
300 3489 346 3547 est
376 3489 540 3565 potestate,
575 3506 636 3547 non
668 3490 770 3563 potest
802 3487 931 3554 invitum
958 3490 1121 3550 hereditati
