2512 3888
395 188 420 238 2.
443 135 627 238 Mssusius
646 182 798 237 SABINUS
1036 181 1103 246 433

92 349 199 409 Suillio
228 350 306 408 Rufo
335 351 366 409 et
393 347 512 409 Ostorio
541 349 669 426 Scapula
696 350 866 409 consulibus
893 343 987 432 (inter
1014 370 1041 410 a.
1058 353 1099 410 41

91 441 126 498 et
159 431 230 518 47),
262 440 368 514 postea
399 437 521 496 Traiani
551 435 779 514 constitutione,
812 442 932 499 senatus
964 441 1101 500 consulto

94 527 247 587 Hadriano
270 529 391 586 auctore
413 527 493 586 facto
517 527 642 604 aliisque
664 529 840 602 praeceptis.

182 610 386 675 ‘Libertorum
412 615 625 675 intestatorum
645 615 796 675 hereditas
818 616 948 691 primum
970 616 1008 675 ad
1031 636 1101 678 suos

92 705 216 764 heredes
248 705 391 784 pertinet,
427 704 532 764 deinde
564 704 602 764 ad
633 723 696 778 eos,
729 723 856 780 quornm
886 704 988 763 liberti
1022 711 1101 782 sunt,

7 863 8 866 Ἴ
85 794 178 854 ¹uelut
201 797 362 869 patronum
384 794 542 868 patronam
564 793 712 854 liberosve
735 787 875 869 patroni'.
921 786 970 852 ‘ad
992 794 1101 854 liberos

93 883 288 958 patronorum
314 881 466 941 heredites
489 928 522 942 ..
545 883 676 958 pertinet
702 882 760 956 ita,
787 884 823 940 ut
849 881 1015 958 incapite,
1042 902 1101 942 non

93 970 124 1028 in
148 971 256 1046 stirpes
280 963 453 1032 dividatur'.
488 969 557 1047 Ulp.
574 973 624 1045 27,
641 973 668 1030 1.
683 973 713 1030 4.
750 964 981 1030 ε111111111111111
1001 970 1103 1030 liberti

92 1059 243 1118 hereditas
271 1060 309 1118 ad
336 1060 410 1119 duos
437 1060 575 1135 pluresve
602 1062 745 1136 patronos
773 1059 940 1135 aequaliter
961 1059 1101 1135 pertinet,

93 1147 165 1208 licet
187 1148 289 1223 dispar
310 1147 342 1206 in
365 1167 399 1208 eo
423 1166 508 1209 servo
532 1149 696 1208 dominium
719 1149 886 1207 habuerint
927 1149 1048 1207 ..item
1071 1148 1102 1206 in

91 1236 260 1296 hereditate
287 1236 360 1296 civis
384 1237 510 1295 Romani
536 1237 638 1296 liberti
664 1239 808 1312 patronus
837 1236 961 1296 alterius
983 1227 1102 1312 patroni

93 1325 190 1384 filium
213 1324 353 1401 excludit,
379 1326 410 1384 et
431 1324 512 1384 filins
534 1325 653 1400 patroni
676 1327 799 1386 alterius
822 1325 942 1402 patroni
964 1327 1103 1402 nepotem

87 1407 235 1489 repellit.
272 1411 337 1473 Gai.
353 1415 382 1490 3,
397 1415 448 1473 59.
464 1415 514 1473 60.
551 1408 602 1472 ‘ed
619 1414 714 1472 filium
734 1460 763 1474 ..
781 1414 901 1491 patroni
918 1415 1101 1490 nepotesque

94 1520 132 1560 ex
154 1501 216 1560 filio
240 1504 271 1561 et
292 1503 471 1577 pronepotes
491 1520 528 1561 ex
545 1504 653 1578 nepote
671 1503 732 1562 filio
751 1506 822 1563 nato
840 1505 1003 1580 prognatos
1023 1503 1103 1560 omni

93 1589 182 1649 modo
217 1591 361 1668 pertinet,
398 1590 516 1649 etiamsi
551 1609 570 1648 a
606 1593 729 1665 parente
765 1590 878 1650 fuerint
910 1585 1102 1650 exheredeti'.

91 1676 157 1738 Gai.
173 1681 201 1756 3,
217 1681 268 1740 58.

183 1761 202 1827 ‘.
217 1814 224 1827 .
238 1767 318 1843 Lege
337 1767 431 1842 Papia
455 1769 545 1826 aucta
567 1769 639 1826 sunt
655 1767 723 1826 iura
739 1769 942 1845 patronorum,
966 1768 1046 1845 quod
1065 1768 1103 1827 ad

93 1856 305 1932 locupletiores
332 1856 456 1916 libertos
484 1855 602 1916 attinet.
649 1859 770 1915 cautum
797 1857 843 1915 est
867 1856 944 1914 enim
968 1875 1004 1916 ea
1026 1857 1101 1934 lege,

93 1950 130 2004 ut
152 1964 187 2004 ex
210 1946 295 2005 bonis
318 1945 382 2005 11111
401 1945 453 2022 qni
471 1945 678 2004 sestertiorum
696 1946 817 2004 centum
834 1944 950 2003 milium
968 1946 1103 2022 plurisve

93 2030 310 2111 patrimonium
341 2034 508 2111 reliquerit,
541 2037 572 2094 et
600 2033 755 2110 pauciores
783 2052 874 2111 quam
901 2036 963 2094 tres
990 2035 1101 2096 liberos

93 2122 229 2200 habebit,
258 2123 320 2183 sive
347 2122 373 2182 is
400 2125 581 2182 testamento
609 2123 687 2182 fecto
712 2124 774 2183 sive
796 2123 941 2182 intestato
964 2127 1101 2183 mortuus

94 2211 167 2289 erit,
189 2210 285 2272 virilis
307 2231 377 2288 pers
400 2215 527 2288 patrono
551 2205 715 2272 debeatur'.
760 2211 824 2272 Gai.
840 2214 869 2288 3,
884 2213 935 2271 42.

183 2293 230 2358 ‘In
252 2300 338 2360 bonis
360 2301 570 2360 libertinarum
591 2302 708 2360 nullam
730 2301 870 2360 iniuriam
890 2301 1012 2378 antiquo
1035 2302 1101 2360 iure

92 2387 287 2465 patiebantur
304 2391 423 2465 patroni
443 2435 494 2451 ...
515 2385 555 2469 (v.
575 2407 666 2464 snpra
684 2409 711 2464 p.
732 2381 812 2471 417)
828 2437 834 2450 .
850 2390 901 2448 sed
923 2393 1030 2465 postea
1052 2392 1101 2449 lex

93 2477 188 2552 Papia
201 2494 267 2535 cum
283 2480 426 2554 quattuor
444 2478 606 2537 liberorum
624 2479 689 2536 iure
708 2477 864 2537 libertinas
882 2479 981 2537 tutela
998 2483 1101 2554 patro-

92 2584 200 2625 norum
209 2567 352 2625 liberaret
366 2567 444 2626 1111
458 2565 546 2626 modo
561 2565 734 2625 concederet
748 2567 790 2624 eis
806 2566 896 2624 etiam
912 2567 976 2625 sine
990 2568 1100 2626 tutoris

92 2655 274 2714 auctoritate
293 2654 418 2713 condere
437 2655 658 2725 testamentum,
677 2654 840 2729 prospexit,
856 2656 893 2711 ut
908 2673 962 2728 pro
976 2673 1100 2714 numero

91 2743 256 2804 liberorum
274 2761 349 2821 qnos
367 2743 477 2802 liberta
490 2743 595 2802 mortis
609 2745 743 2818 tempore
756 2742 905 2818 habuerit,
921 2741 1017 2802 virilis
1031 2761 1101 2817 pars

90 2835 219 2910 patrono
243 2832 389 2891 debeatur
411 2879 418 2892 .
438 2878 444 2891 .
464 2879 470 2892 .
490 2826 591 2909 <quod
614 2831 639 2891 si
663 2832 799 2892 omnibus
821 2830 925 2890 liberis
948 2834 1101 2906 superstes

91 2917 295 3069 fueritqtop?
308 2919 459 3068 heredlitas
472 2914 937 3068 ad,p³ls⁰¹¹¹¹m¹},⁰rll¹¹⁰l’·hs³³i·
948 2921 1101 3066 311111

221 3029 239 3069 1
271 3027 345 3070 onae
373 3029 444 3068 orm
472 3027 540 3069 ane
581 3028 666 3086 egem
719 3029 818 3086 aprum
868 3027 901 3068 oc
929 3027 1025 3069 eoum
1053 3027 1101 3068 11

92 3100 246 3159 hebebant
276 3099 307 3157 in
339 3099 424 3158 bonis
454 3098 645 3177 libertorum,
677 3099 757 3176 qnod
784 3095 877 3158 etiam
904 3097 1038 3174 patronis
1066 3117 1102 3156 ex

91 3189 160 3264 lege
178 3187 237 3246 XII
259 3187 429 3247 tabularum
452 3188 557 3246 datum
580 3190 633 3246 est.
672 3188 856 3246 ...11111111
874 3186 968 3262 Papia
986 3186 1101 3246 duobus

92 3277 196 3337 liberis
231 3278 395 3336 honoratae
430 3276 577 3352 ingenuae
612 3278 769 3352 petronae,
805 3275 963 3334 libertinae
994 3275 1101 3354 tribus,

93 3366 198 3426 eadem
221 3366 282 3425 fere
304 3365 373 3424 iura
400 3365 494 3440 dedit,
523 3383 598 3442 quae
626 3383 663 3423 ex
687 3364 782 3424 edicto
809 3365 957 3441 praetoris
983 3365 1103 3440 patroni

93 3454 220 3529 habent3
252 3453 345 3513 trium
377 3472 448 3515 vero
480 3454 644 3513 liberorum
670 3453 736 3513 iure
763 3454 926 3513 honoratae
953 3454 1101 3533 ingenuae

93 3544 236 3618 patronae
264 3560 299 3600 ea
321 3542 388 3602 iura
410 3542 504 3621 dedit,
532 3561 607 3620 quae
630 3561 685 3619 per
707 3543 831 3603 eandem
852 3544 951 3622 legem
973 3547 1101 3622 patrono
1178 3586 1229 3600 h

146 3649 242 3700 luri-pr.
256 3650 373 3692 antehadr.
386 3650 435 3692 relh
450 3651 484 3692 ed.
497 3651 598 3694 Bremer.
620 3652 651 3693 IL
854 3649 888 3699 28
