2506 3880
145 164 189 230 94
224 165 245 220 Ι.
268 162 424 219 AETATIS
447 159 603 218 AUGUSTI
626 161 673 214 ΕΤ
697 159 832 215 TIBERII
855 160 950 215 mars
975 160 1158 218 CONSULTI

145 327 237 405 ritur,
264 327 291 391 si
314 326 412 390 homo
435 323 641 408 provincialis
667 345 795 388 servum
814 324 998 391 institorem
1016 325 1160 391 venden-

146 417 259 480 darum
288 415 442 480 mareium
470 413 576 498 gratia
599 412 721 477 Itomae
744 413 880 497 babeat,
907 413 936 496 <.
951 463 959 478 .
974 464 980 478 .
996 414 1042 499 .>,
1070 416 1160 499 quod
1246 425 1247 430 ’

147 526 218 570 oum
242 524 280 568 eo
304 525 395 568 servo
419 504 620 568 contractum
644 505 703 582 est,
726 500 774 566 ita
791 502 988 587 habendum,
1010 507 1107 588 atque
1129 505 1158 569 si

145 614 219 658 cum
242 592 371 657 domino
396 593 596 657 contractum
620 589 664 654 sit
688 591 800 673 [quare
824 589 871 654 ibi
895 613 929 656 se
952 592 1082 657 debebit
1106 594 1161 658 de·

145 681 297 762 fondere}

232 808 379 870 Labeonis
415 808 507 870 verba
546 807 688 867 mutilata
729 825 792 866 esse
834 809 865 868 et
899 809 996 884 ipsam
1032 811 1158 887 quidem
1246 829 1247 874 l

145 899 349 975 quaestionem
375 896 560 957 intercidisse
583 895 735 971 existimo,
763 915 829 956 earn
856 900 957 957 autem
979 917 1039 958 non
1063 900 1158 961 eliam
1245 885 1247 960 ζ

145 988 236 1046 luisse
255 987 313 1046 nisi
330 1005 404 1045 num
422 985 574 1046 institoria
593 985 670 1044 actio
690 987 794 1044 contra
807 986 1020 1061 provincialem
1034 1009 1158 1068 quoque
1246 1015 1247 1026 ¹

145 1076 295 1135 hominem
308 1075 373 1134 dari
388 1077 418 1134 et
432 1076 534 1156 posset
552 1076 583 1132 et
599 1073 730 1134 deberet.
763 1078 931 1151 apraetore
946 1077 1024 1135 enim
1038 1078 1157 1141 urbane
1246 1099 1247 1136 1

144 1164 295 1224 institoria
318 1163 397 1224 actio
417 1165 590 1239 comparata
608 1164 681 1236 erat,
705 1180 772 1221 curn
791 1162 865 1224 civis
885 1163 1037 1225 Romanus
1055 1166 1156 1227 filium
1246 1183 1247 1222 3

144 1252 273 1312 familias
302 1252 353 1314 vel
385 1269 516 1328 servum,
551 1251 602 1328 qui
634 1269 670 1310 ex
699 1251 764 1310 iure
793 1250 956 1320 Quiritium
987 1254 1051 1314 eius
1080 1263 1156 1332 erat,
1246 1265 1247 1330 1

97 1391 99 1397 .
144 1343 286 1402 tabernae
317 1343 544 1418 praeposuerat,
580 1339 612 1398 id
642 1339 720 1416 quod
752 1340 801 1400 vel
834 1340 902 1401 Gaii
933 1343 1025 1403 verba
1059 1347 1089 1417 4,
1111 1348 1152 1406 69
1246 1367 1247 1410 l

143 1431 290 1507 indicant3
313 1449 382 1488 nam
404 1428 542 1506 inprimis
565 1428 600 1488 de
625 1447 660 1487 ea
683 1427 799 1488 actione
824 1429 952 1506 disserit,
976 1451 1036 1507 qua
1053 1432 1086 1492 in
1104 1454 1154 1511 pe·
1245 1423 1247 1452 ¹

143 1519 256 1578 culium
286 1519 418 1578 filiorum
450 1517 609 1576 familias
642 1535 852 1594 servorumque
885 1519 993 1597 agitur.
1049 1521 1153 1598 itaque

142 1606 276 1686 Augusti
307 1607 492 1683 temporibus
523 1608 692 1682 praetorem
718 1607 910 1683 peregrinum
938 1609 973 1667 de
1000 1608 1155 1672 institoria

143 1697 259 1756 actione
295 1697 370 1754 nihil
406 1695 532 1755 edixisse
566 1689 691 1755 elucet.1
747 1695 821 1754 satis
852 1691 1026 1773 videbatur,
1059 1699 1086 1758 si
1115 1719 1152 1760 ne

142 1783 251 1846 civium
275 1785 476 1845 Romanorum
503 1785 576 1844 fides
603 1784 844 1858 imminueretur,
871 1789 992 1861 praetor
1015 1788 1154 1850 cavisset.

232 1872 292 1933 Cur
314 1874 414 1933 Labeo
442 1893 502 1933 non
533 1873 569 1932 de
601 1865 792 1950 ‘peregrino',
820 1871 872 1932 sed
899 1874 935 1933 de
964 1868 1154 1952 ‘provinciali

143 1957 275 2022 homine'
304 1962 426 2035 dixerit,
453 1961 561 2020 neseio.
607 1961 659 2021 sed
681 1961 897 2038 provincialem
918 1963 1070 2025 bominem
1092 1986 1153 2026 non

144 2050 237 2109 alium
265 2067 329 2108 esse
357 2052 448 2126 atque
475 2049 667 2127 peregrinum
694 2051 799 2128 negari
821 2051 934 2129 nequit.
981 2051 1024 2113 Of.
1048 2052 1153 2116 Cicero

143 2137 182 2197 ad
206 2137 238 2207 Q.
262 2137 387 2196 fratrem
407 2140 514 2216 1,1,5
543 2132 614 2197 ‘non
641 2137 713 2215 quin
739 2139 855 2217 possint
882 2141 970 2200 multi
994 2160 1059 2202 esse
1082 2163 1152 2219 pro·

143 2225 284 2287 vinciales
307 2225 366 2286 viri
392 2218 483 2286 boni'.
524 2224 644 2286 Sueton.
670 2224 763 2305 Calig.
789 2230 828 2288 39
859 2222 1056 2305 ‘compererat
1083 2252 1152 2308 pro-

143 2314 303 2375 vincialem
330 2314 509 2390 locupletem
532 2315 660 2374 ducenta
682 2313 733 2374 HS
756 2335 927 2378 numerasse
950 2321 1151 2399 vocatoribus,

142 2406 179 2463 ut
205 2421 259 2480 per
285 2403 436 2462 fallaciam
460 2403 595 2464 convivio
618 2401 879 2479 interponeretur’.
926 2407 1020 2468 Tacit.
1041 2410 1092 2488 15,
1108 2413 1151 2472 20

144 2485 320 2567 ‘praevalidi
344 2492 570 2568 provincialium
594 2496 625 2552 et
648 2492 754 2569 opibus
776 2494 877 2554 nimiis
896 2496 932 2556 ad
952 2496 1078 2557 iniurias
1098 2499 1151 2557 rni-

140 2600 249 2640 nomm
272 2575 364 2640 elati'.
397 2583 502 2659 fragm.
518 2582 553 2641 de
572 2582 638 2641 iure
657 2582 721 2642 fisci
739 2581 792 2659 §6
819 2577 926 2645 ‘edicto
946 2584 1009 2645 divi
1026 2586 1151 2646 Traiani

143 2673 277 2748 cavetur,
304 2689 342 2730 ne
371 2671 423 2747 qui
445 2670 672 2748 provincialium
699 2690 766 2731 curn
791 2674 885 2734 servis
908 2674 1059 2736 fiscalibus
1083 2694 1149 2736 con·

141 2760 264 2819 trahent
285 2758 365 2820 nisi.
381 2807 387 2819 .
403 2754 421 2820 .’

228 2847 351 2907 Inclusa
367 2849 460 2909 verba
478 2848 515 2907 ab
530 2847 660 2924 Ulpiano
680 2848 783 2908 addita
802 2868 866 2910 esse
883 2851 1076 2912 manifestum
1095 2857 1150 2913 est.

140 2935 234 2996 nihilo
263 2935 361 2995 minus
384 2936 475 2996 Lenel
498 2935 530 2994 P.
548 2937 609 2995 143
639 2937 844 3012 fragmentum
868 2958 927 2999 non
950 2939 1006 3001 sub
1029 2941 1150 3001 rubrica

143 3019 191 3085 ‘de
209 3024 362 3084 institoria
379 3017 518 3101 actione’,
541 3024 592 3084 sed
611 3024 667 3084 sub
686 3025 747 3085 alia
765 3020 828 3104 ‘qui
847 3027 953 3089 absens
971 3028 1081 3090 iudicio
1100 3029 1151 3090 de·

213 3181 226 3228 1
252 3173 287 3231 cf.
309 3176 404 3228 tamen
428 3173 558 3228 Karlowa
580 3175 659 3229 1469
674 3192 727 3244 sq.:
756 3175 814 3234 ‘dio
839 3179 1004 3235 exercitoria
1025 3181 1083 3234 und
1105 3181 1149 3236 in-

140 3245 252 3301 stitoria
279 3243 353 3299 actio
381 3245 514 3300 scheinen
541 3248 786 3316 ursprb'nglioh
814 3265 866 3304 nur
891 3267 984 3320 gagen
1010 3252 1149 3307 rbmische

139 3317 246 3385 Bfirger
259 3315 387 3386 gegeben
400 3335 433 3371 zu
448 3315 533 3382 sein’3
552 3317 667 3372 Pernice
681 3317 693 3371 l
708 3321 754 3374 58:
773 3318 877 3375 ‘Labeo
892 3321 971 3376 stelit
984 3323 1150 3378 Zweifeln

141 3385 300 3454 gegenriber
322 3387 391 3455 fest,
415 3386 476 3442 dole
495 3387 545 3440 der
563 3387 683 3458 Ventreg
700 3389 754 3444 mit
771 3391 835 3444 dem
853 3390 969 3448 Institor
987 3392 1063 3449 eines
1081 3395 1150 3450 Pro·

139 3454 278 3578 vinaiplpn
302 3456 348 3513 die
372 3473 397 3513 a.
421 3457 562 3513 institoria
584 3475 674 3528 gagen
697 3459 792 3516 diesen
815 3463 857 3516 ale
880 3462 935 3519 den
954 3463 1082 3520 dominus
1100 3464 1151 3521 be·

138 3530 211 3595 grin
231 3541 268 3579 e.
