2568 3890
404 175 429 226 7.
451 169 490 227 Μ.
505 169 696 227 ANTISTIUS
713 171 833 227 LABEO
1056 171 1123 236 245

207 333 279 398 118.
320 331 359 397 D.
378 333 408 416 8,
428 333 458 420 3,
476 333 527 397 24.
581 332 779 417 Pomponius
815 334 900 400 libro
931 335 1122 420 trigensimo

19 442 20 446 ¹
112 421 212 486 tertio
242 421 281 486 ad
306 420 461 487 Sabinum
486 420 534 510 (P.
550 422 636 506 788).
660 459 702 469 -—
725 422 777 488 Ex
805 445 875 488 meo
901 424 1123 508 aquaeductu

112 509 224 576 Labeo
249 511 362 576 scribit
383 511 517 577 cuilibet
538 532 635 596 posse
659 533 710 576 me
733 512 837 576 vicino
861 513 1072 578 commodare.

207 599 280 663 119.
304 598 342 664 D.
358 600 388 683 8,
401 601 432 682 3,
448 600 498 664 10.
539 599 628 664 Idem
653 599 710 684 (se.
729 596 862 687 Paulus)
885 601 966 666 libro
990 602 1124 686 quadra·

114 689 262 774 gensimo
281 709 367 753 nono
387 688 427 752 ad
446 688 584 754 edietum
600 686 646 773 (P.
662 685 751 776 628).
770 726 812 736 -—
831 687 940 755 Labeo
960 690 1007 755 ait
1024 692 1123 757 talem

115 777 305 861 servitutem
335 778 491 842 constitui
513 798 623 863 posse,
649 781 685 842 ut
708 800 824 863 aquam
848 799 998 862 quaerere
1022 784 1055 844 et
1078 780 1123 846 in·

116 871 247 931 ventam
267 867 381 931 ducere
401 865 512 951 lieeet;
534 889 609 931 nam
629 872 657 932 si
674 867 772 932 liceat
790 867 933 932 nondum
953 867 1122 934 aedificato

116 954 264 1021 aedificio
283 955 470 1020 servitutem
490 955 694 1041 constituere,
714 977 811 1041 quare
831 978 897 1021 non
912 977 1012 1041 aeque
1027 954 1124 1022 liceat

114 1043 260 1109 nondum
284 1043 415 1109 inventa
439 1064 523 1127 aqua
543 1044 676 1109 eandem
697 1045 893 1110 constituere
913 1045 1124 1111 servitutem?

115 1137 149 1199 et
172 1132 214 1216 si,
242 1136 279 1197 ut
307 1153 458 1216 quaerere
487 1133 585 1198 lioeat
606 1132 662 1216 (in
690 1133 781 1220 iure>
805 1134 916 1199 cedere
944 1155 1123 1220 possumus,

116 1222 215 1287 etiam
239 1225 276 1285 ut
298 1221 430 1287 inventa
453 1221 599 1305 dueatur,
624 1223 692 1287 cedi
715 1227 832 1307 potest.

15 1393 16 1436 g
208 1350 253 1408 De
277 1369 356 1428 aqua
378 1351 511 1410 nondum
534 1354 697 1428 apparente
720 1355 833 1412 tractat
855 1351 954 1412 Labeo
977 1351 1125 1411 Pitbanon

114 1439 193 1499 libro
217 1439 254 1498 D.
270 1441 299 1515 8,
314 1442 342 1513 5,
359 1441 397 1498 21
424 1458 517 1516 supra
538 1460 567 1516 p.
585 1442 656 1500 153.

209 1559 282 1623 120.
314 1558 353 1623 D.
367 1559 397 1644 8,
410 1558 441 1638 ὅ,
455 1559 485 1641 6,
502 1560 531 1624 2.
564 1558 721 1643 Ulpianus
741 1557 824 1623 libro
844 1560 982 1643 septimo
1001 1558 1123 1624 deoimo

118 1647 158 1712 ad
183 1647 322 1712 edictum
343 1645 391 1732 (P.
406 1643 509 1735 598⁸).
531 1683 569 1694 -
661 1647 700 1711 de
725 1647 890 1731 servitute,
914 1669 994 1732 quae
1019 1647 1124 1713 oneris

116 1736 241 1801 ferendi
264 1757 361 1801 eausa
383 1737 538 1820 imposita
561 1737 637 1821 erit,
660 1737 745 1802 aetio
767 1735 862 1800 nobis
886 1737 1048 1820 competit.

117 1824 226 1890 Labeo
325 1824 410 1890 bano
434 1825 620 1889 servitutem
643 1847 707 1889 non
730 1824 895 1889 hominem
918 1825 1046 1909 debere,
1070 1825 1124 1890 sed

118 1936 202 1998 rem;
229 1912 366 1997 denique
394 1913 490 1979 liuere
514 1915 643 1979 domino
666 1935 735 1979 rem
759 1913 978 1998 derelinquere
1002 1913 1124 1979 scribit.

467 2096 514 2156 Do
535 2097 776 2172 stipulutloulboa

211 2216 283 2281 121.
314 2213 353 2281 D.
370 2215 421 2300 12,
437 2216 532 2301 1,42,
547 2219 574 2282 1.
621 2213 734 2282 Celsus
757 2217 840 2285 libro
864 2220 954 2283 sexto
977 2216 1125 2302 Digesto·

118 2327 190 2370 rum
219 2300 268 2391 (Ρ.
282 2301 350 2392 43).
381 2340 418 2350 -
448 2305 557 2370 Labeo
591 2305 649 2390 ait,
682 2328 754 2371 oum
786 2306 894 2371 decem
923 2306 992 2370 dari
1020 2305 1125 2371 curari

12 2409 14 2448 l
120 2393 293 2478 stipulatus
318 2394 373 2478 sis,
395 2393 467 2457 ideo
490 2415 555 2458 non
577 2415 672 2478 posse
697 2399 729 2458 te
752 2394 860 2460 decem
884 2396 958 2460 dare
978 2398 1126 2480 oportere

121 2482 303 2566 intendere,
325 2482 402 2567 quia
424 2482 521 2548 etiam
545 2504 634 2546 reum
657 2483 899 2566 locupletiorem
924 2483 1028 2548 dando
1051 2505 1124 2568 pro·

120 2572 237 2636 missor
260 2570 391 2636 liberari
413 2572 525 2654 possit.

208 2699 363 2768 ef.D.45,
382 2705 408 2776 1,
424 2702 474 2772 67,
492 2703 519 2759 1.
565 2698 713 2774 Ulpianus
741 2699 820 2760 libro
849 2698 974 2758 seeundo
1003 2699 1040 2758 ad
1064 2700 1125 2758 edi·

119 2794 200 2848 etum
225 2783 271 2869 (P.
288 2787 373 2865 197).
399 2820 436 2830 —
462 2788 541 2848 Eum
568 2788 621 2866 qui
649 2789 750 2850 decem
777 2788 842 2848 dari
870 2787 926 2847 sibi
948 2786 1049 2846 ourari
1072 2788 1125 2847 sti-

118 2879 241 2955 pulatus
265 2878 314 2956 sit,
331 2897 391 2937 non
414 2896 500 2955 posse
523 2876 624 2937 deoem
646 2882 756 2957 petere,
780 2877 919 2956 quoniam
941 2876 1037 2952 possit
1059 2895 1126 2953 pro-

118 2967 228 3026 missor
255 2985 340 3026 reum
361 2967 542 3043 loeupletem
565 2966 661 3028 dando
684 2967 806 3027 liberari
829 2967 929 3027 Labeo
952 2965 1009 3042 ait3
1036 2965 1126 3043 idque

119 3058 150 3115 et
173 3054 279 3114 Celsus
301 3055 379 3115 libro
402 3059 485 3115 sexto
508 3056 703 3135 Digestorum
725 3058 825 3117 refert.
1135 3073 1139 3080 ·

211 3173 283 3239 122.
312 3174 349 3239 D.
364 3175 416 3260 45,
433 3175 461 3253 1,
478 3177 548 3256 137,
563 3176 593 3240 7.
629 3175 806 3240 Venuleius
829 3176 912 3243 libro
935 3174 1040 3259 primo
1064 3170 1125 3237 Sti·

121 3262 326 3349 pulationum
351 3260 402 3350 (P.
415 3260 483 3351 53).
506 3301 548 3310 -
573 3261 607 3328 si
636 3269 671 3327 ut
699 3264 818 3349 aliquid
846 3265 903 3328 fiat
925 3264 1129 3348 stipulemur,

120 3356 155 3418 et
186 3351 336 3417 usitatius
369 3357 401 3417 et
433 3352 610 3438 elegantius
644 3374 713 3417 esse
741 3352 847 3418 Labeo
876 3353 922 3417 ait
950 3354 995 3418 sie
1024 3352 1126 3417 subici

118 3462 259 3527 poenam
283 3439 323 3506 ‘si
345 3442 393 3505 ita
414 3441 536 3507 fectum
559 3463 624 3506 non
648 3439 729 3507 erit’.
767 3446 800 3507 at
825 3463 896 3506 oum
916 3442 991 3527 quid
1010 3463 1050 3505 ne
1068 3441 1127 3507 fiat

120 3530 327 3615 stipulemur,
358 3534 435 3595 tuno
466 3529 529 3595 hoo
560 3530 656 3596 modo
690 3529 729 3595 ‘si
757 3532 911 3596 adversus
939 3551 977 3594 ea
1004 3529 1125 3595 fautum
