2506 3880
134 162 197 226 100
234 161 253 215 Ι.
276 156 432 212 AETATIS
450 153 608 214 AUGUSTI
625 155 672 212 ΕΤ
690 155 827 212 TIBERI]
844 155 940 212 IURIS
960 154 1141 212 CONSULTI

132 322 270 388 edictum
289 321 338 404 (P.
353 317 441 405 350).
455 355 500 368 -
578 320 606 385 si
626 319 697 405 quis
716 320 848 405 negotia
866 340 939 384 mea
957 319 1060 405 gessit
1076 341 1143 386 non

133 411 197 476 mei
215 409 495 494 contemplatione,
520 409 575 473 sed
595 411 645 474 sui
663 409 744 473 lucri
763 429 868 492 causa,
886 407 995 474 Labeo
1015 409 1146 494 scripsit
1196 475 1198 479 ,

27 584 29 589 .
134 521 227 565 suum
251 520 323 563 eum
347 499 454 580 potius
478 520 574 583 quam
597 519 704 562 meum
726 497 894 583 negotium
917 496 1066 581 gessisse.

222 587 275 652 24.
293 586 332 651 Ι).
348 586 422 651 ibid.
438 587 499 667 §a
513 623 556 634 --
570 634 579 652 .
593 634 624 653 ..
643 586 670 650 si
689 586 740 651 eui
757 586 964 674 mandavero,
980 589 1018 650 ut
1036 607 1146 650 meum

134 676 301 761 negotium
320 679 422 760 gerat,
441 676 525 760 quod
543 674 626 740 mihi
639 679 745 740 tecum
760 677 830 738 erat
843 695 1021 760 commune,
1040 674 1146 740 dicen-

135 766 210 829 dum
234 786 303 829 esse
326 763 434 830 Labeo
458 763 514 848 ait,
537 764 566 828 si
588 767 622 828 et
642 767 734 828 tuum
759 763 860 847 gessit
880 764 994 845 sciens,
1016 765 1144 848 negoti-

134 875 226 919 orum
250 857 415 937 gestorum
440 874 511 917 eum
535 852 596 917 tibi
617 852 730 917 teneri.

222 941 274 1008 25.
293 941 331 1006 D.
341 941 417 1007 ibid.
427 943 447 1022 ξ
458 943 487 1007 8.
502 977 544 988 -
616 940 645 1005 si
659 961 719 1025 ego
733 939 781 1004 tui
795 940 854 1006 filii
867 940 1000 1024 negotia
1014 960 1146 1025 gessero

133 1033 185 1097 vel
217 1031 315 1115 servi,
346 1029 510 1095 videamus
543 1051 585 1094 an
612 1033 718 1094 tecum
745 1030 949 1114 negotiorum
978 1032 1145 1113 gestorum
1199 1051 1201 1056 ’

134 1120 272 1185 babeam
292 1118 452 1184 actionem
467 1167 475 1183 .
490 1117 642 1184 ..Labeo
662 1118 832 1204 distinguit
846 1166 854 1182 .
866 1167 874 1184 .
887 1169 894 1185 .
908 1121 953 1202 ut,
971 1121 999 1182 si
1015 1118 1145 1202 quidem

136 1207 410 1293 contemplatione
432 1207 482 1272 tui
508 1206 642 1290 negotia
669 1207 756 1292 gessi
785 1207 973 1292 peculiaria,
1000 1209 1037 1271 tu
1064 1207 1146 1272 mihi

128 1297 291 1363 tenearis:
314 1296 399 1380 quod
421 1295 448 1360 si
467 1294 611 1361 amicitia
628 1295 690 1359 filii
707 1295 757 1359 tui
774 1295 826 1360 vel
846 1296 940 1379 servi,
961 1296 1014 1361 vel
1033 1316 1145 1360 eorum

137 1384 419 1469 contemplatione,
444 1384 597 1449 adversus
620 1386 744 1467 patrem
766 1384 818 1448 vel
841 1383 1006 1449 domiuum
1030 1383 1069 1448 de
1093 1406 1144 1470 pe·

137 1474 222 1539 culio
246 1475 414 1538 dumtaxat
437 1471 575 1538 dandam
599 1472 767 1538 actionem.
841 1554 844 1560 Ι

105 1579 108 1584 ’
226 1563 277 1628 26.
296 1561 335 1626 D.
346 1563 375 1646 3,
385 1561 415 1647 5,
425 1561 455 1647 9,
466 1564 494 1627 1.
525 1560 683 1646 Ulpianus
702 1561 786 1626 libro
806 1560 929 1626 decimo
949 1561 988 1626 ad
1003 1560 1143 1626 edictum

136 1647 187 1738 (P.
206 1647 295 1738 354).
317 1687 361 1698 -
455 1651 483 1715 si
505 1650 644 1715 insulam
668 1649 761 1715 fulsit
783 1650 834 1715 vel
858 1671 986 1715 servum
1010 1671 1145 1736 aegrum

136 1741 269 1825 curavit,
293 1739 420 1805 etiamsi
443 1739 548 1804 insula
567 1741 679 1804 exusta
698 1742 748 1804 est
765 1739 817 1804 vel
837 1760 947 1804 servus
967 1738 1046 1822 obit,
1070 1741 1145 1824 aget

138 1829 343 1914 negotiorum
367 1830 546 1914 gestorum:
569 1828 665 1913 idque
689 1831 721 1892 et
743 1826 851 1893 Labeo
874 1828 1000 1912 probat.
1050 1866 1053 1872 ·

484 1993 566 2067 Quod
587 1997 679 2052 metam
701 2011 799 2053 causo.

227 2092 278 2155 27.
300 2091 340 2157 D.
354 2093 386 2174 4,
398 2093 429 2175 2,
443 2091 473 2157 5.
518 2092 678 2176 Ulpianus
705 2093 791 2159 libro
818 2091 986 2158 undecimo
1017 2093 1057 2157 ad
1082 2093 1146 2156 edi·

140 2184 231 2245 ctum
243 2176 292 2265 (P.
307 2177 411 2264 37111).
426 2217 468 2225 —
483 2179 606 2244 Metum
625 2181 843 2264 accipiendum
856 2179 963 2246 Labeo
983 2182 1062 2247 dicit
1079 2202 1146 2248 non

123 2268 314 2352 'quemlibet
337 2270 497 2351 timorem,
520 2269 575 2332 sed
599 2269 730 2334 maioris
745 2271 918 2340 ,malitatia

226 2357 278 2422 28.
306 2356 345 2422 D.
364 2357 395 2440 4,
413 2358 443 2434 2,
463 2357 483 2421 9
502 2378 549 2441 pr.
598 2356 758 2442 Ulpianus
790 2358 875 2423 libro
908 2358 1075 2424 undecimo
1105 2358 1147 2422 ad

138 2445 277 2510 edictum
292 2444 342 2530 (P.
352 2442 457 2533 371⁶).
472 2481 513 2491 -—
528 2444 725 2530 Pomponius
742 2446 825 2512 libro
840 2447 1015 2513 vicensimo
1030 2451 1145 2513 octavo

138 2537 336 2618 ...tractat
359 2534 388 2599 si
410 2534 544 2600 fundum
568 2556 673 2600 meum
697 2534 896 2621 dereliquero
915 2535 1035 2620 audito,
1059 2537 1145 2622 quod

138 2624 210 2709 quis
233 2645 316 2689 cum
329 2625 426 2690 armis
449 2624 580 2708 veniret,
605 2646 647 2689 an
669 2625 744 2690 huic
767 2625 870 2689 edicto
893 2624 982 2689 loeus
1007 2624 1073 2689 sit‘?
1113 2630 1147 2689 et

137 2712 239 2778 refert
260 2712 442 2779 Labeonem
468 2714 652 2779 existimare
676 2713 779 2779 edicto
802 2714 909 2779 locum
931 2734 997 2778 non
1021 2735 1091 2778 esse
1114 2719 1148 2778 et

138 2801 222 2865 unde
249 2802 282 2865 vi
309 2802 515 2867 interdictum
543 2823 682 2885 cessare,
710 2803 862 2886 quoniam
887 2823 954 2867 non
981 2801 1091 2867 videor
1113 2803 1148 2868 vi

139 2890 295 2971 deiectus,
322 2891 377 2973 qui
405 2889 486 2954 deici
513 2910 579 2954 non
601 2891 768 2973 expectavi
790 2891 845 2956 sed
867 2890 1008 2976 profugi.
1054 2891 1149 2956 aliter

141 2981 238 3062 atque
262 2976 302 3060 si,
329 2980 541 3062 posteaquam
565 2978 683 3043 armati
704 2979 844 3064 ingressi
867 2983 956 3063 sunt,
982 2982 1059 3044 tunc
1082 2979 1150 3044 dis-

124 3065 236 3148 ¹cessi:
260 3065 335 3130 buic
358 3066 442 3130 enim
466 3067 571 3131 edicto
593 3066 699 3132 locum
721 3067 833 3134 faeere.

229 3153 280 3220 29.
307 3154 347 3219 D.
365 3155 395 3238 4,
414 3156 444 3239 2,
465 3156 514 3238 14,
534 3155 563 3220 6.
612 3154 770 3239 Ulpianus
798 3157 882 3223 libro
910 3156 1079 3222 undecimo
1107 3157 1150 3221 ad

140 3243 279 3308 edietum
298 3240 347 3331 (P.
362 3243 450 3328 377).
470 3281 512 3290 —
531 3242 639 3309 Labeo
663 3245 718 3324 ait,
739 3246 769 3312 si
789 3247 858 3329 quas
869 3267 928 3330 per
945 3251 1059 3313 mcum
1076 3267 1151 3313 reus

139 3332 181 3394 sit
206 3333 384 3398 constitimus
410 3337 438 3397 et
464 3333 670 3415 fideiussorem
696 3335 840 3400 caunum
871 3337 998 3418 dederit,
1025 3341 1058 3400 et
1083 3337 1151 3418 ipse

140 3423 169 3480 ct
190 3420 348 3498 fiddumor
371 3421 533 3486 liberatur:
561 3423 700 3489 sicclus
726 3425 886 3506 fideiussor
908 3429 988 3490 mdo
1015 3427 1152 3511 accesit,

141 3524 204 3569 noa
226 3508 317 3572 etium
339 3529 422 3593 reus,
445 3510 528 3576 solus
549 3512 710 3593 fideiussor
733 3513 918 3578 liberabitur.
