2508 3896
257 169 258 172 ‘
389 195 415 245 e.
439 187 624 245 33333333
643 189 796 246 stemus
1032 187 1095 252 501

178 351 230 417 98.
252 349 292 415 D.
302 350 354 434 24,
365 351 394 432 3,
405 352 436 434 2,
450 353 477 416 1.
516 351 676 438 Ulpianus
695 352 779 417 libro
797 351 965 437 trigesimo
984 351 1097 436 quinto

97 441 133 506 ed
150 438 306 505 Sabinum
325 440 374 523 (P.
388 437 500 526 2800).
519 476 561 486 -
581 491 606 506 ..
631 439 658 505 si
682 441 715 505 in
737 441 839 524 patris
862 444 1024 525 potestate
1048 444 1097 505 est

95 527 149 616 (so.
170 528 239 593 filie
265 526 361 615 uxor)
390 531 436 610 [et
463 528 520 593 dos
548 534 587 594 nb
611 550 648 593 eo
671 529 818 614 profecto
840 528 896 610 sit]
903 581 911 612 ,
938 530 1040 614 ipsius
1063 537 1096 593 et

94 617 176 682 filiae
193 617 252 682 dos
271 621 330 683 est.
363 617 501 703 deniquo
519 621 613 701 pater
630 640 696 683 non
714 617 807 682 aliter
821 640 918 701 quem
933 640 972 682 ex
985 620 1096 683 volun-

93 709 158 771 tate
185 706 271 771 filiae
297 709 407 790 petere
435 707 544 771 dotem
570 728 628 771 neo
649 729 706 788 per
729 728 763 772 se
786 727 844 771 nee
866 728 925 792 per
946 728 1097 790 prooure-

97 799 196 861 torem
220 799 337 878 potest.
383 794 528 879 sicergo
553 800 588 860 et
606 795 858 880 promittendum
883 793 1020 860 Sabinus
1042 795 1098 860 eit.

178 883 231 949 99.
263 881 302 947 D.
316 883 369 964 24,
383 884 413 965 3,
427 883 479 967 25,
493 883 524 948 4.
565 882 683 948 Paulus
707 883 790 949 libro
814 883 984 969 trigesimo
1008 885 1099 949 sexto

96 972 133 1037 ed
155 972 294 1037 edietum
315 968 365 1058 (P.
380 969 468 1059 543).
491 1009 535 1019 —-
559 969 593 1037 Si
616 973 665 1037 vir
687 973 719 1036 in
744 971 993 1056 quinquennium
1016 971 1098 1036 loea-

95 1061 175 1126 verit
201 1059 336 1125 fundum
364 1064 492 1143 etpost
514 1061 654 1144 primum
677 1061 761 1125 forte
785 1083 904 1125 annum
927 1060 1100 1126 divortium

94 1150 313 1234 intervenerit,
351 1147 487 1215 Sabinus
520 1151 567 1215 ait
598 1172 663 1215 non
694 1149 774 1214 elias
805 1149 940 1214 fundum
972 1147 1099 1213 mulieri

96 1237 182 1302 reddi
205 1241 361 1322 opoitero,
385 1261 479 1322 quem
503 1238 531 1303 si
554 1239 682 1322 caverit,
705 1238 733 1303 si
757 1238 833 1324 quid
856 1242 985 1322 praeter
1005 1237 1099 1302 nnius

97 1327 172 1391 anni
195 1327 388 1392 locationem
407 1327 543 1392 maritus
562 1327 734 1392 damnatus
753 1328 807 1411 sit,
825 1327 857 1391 id
876 1325 939 1410 (a)
958 1348 990 1391 se
1008 1347 1101 1410 pree·

93 1418 213 1480 statum
241 1416 295 1498 iri3
324 1416 379 1480 sed
407 1420 438 1480 et
465 1412 542 1499 (id)
568 1416 696 1480 mulieri
724 1415 913 1499 cavendum,
946 1414 1099 1500 quidquid

92 1507 218 1590 praeter
250 1505 390 1589 primum
422 1526 540 1568 annum
574 1526 613 1568 ex
643 1503 803 1570 locotione
834 1506 883 1569 vir
910 1506 1098 1569 oonsooutus

93 1593 202 1678 fuerit,
224 1614 259 1658 se
283 1593 312 1657 ei
334 1593 567 1657 restituturum.

181 1702 284 1764 Sabini
307 1703 473 1763 orationem
494 1704 545 1764 vix
567 1721 721 1778 agnosces.

182 1806 252 1870 100.
267 1805 306 1870 D
313 1805 365 1887 23
374 1806 404 1888 3,
411 1805 463 1871 33.
491 1804 652 1889 Ulpianus
670 1805 751 1869 libro
762 1803 998 1889 <trigensimo>
1009 1806 1098 1869 sexto

91 1895 131 1959 ad
161 1891 318 1970 Sabinum
346 1856 394 1980 (P
413 1890 525 1981 2811).
552 1930 625 1959 -.
640 1893 837 1959 ..Sabinus
845 1892 1037 2048 disposuit,
1065 1897 1100 1956 ut

97 1983 218 2048 dieeret
235 1982 321 2066 quod
335 1987 427 2067 pater
440 1983 515 2048 vel
506 2005 576 2066 ipsa
590 1943 706 2048 miilier
719 1983 870 2066 promisit
884 1983 944 2047 viri
935 1981 1100 2066 periculo

90 2094 159 2224 pon
176 2093 258 2225 psse,
276 2071 360 2157 quod
380 2072 522 2225 debitor,l
533 2073 566 2137 id
586 2072 699 2245 viri
665 2071 959 2226 esse,dquodtplius,
978 2070 1101 2136 seilicet

114 2181 178 2226 one
193 2182 285 2242 urus,
309 2159 377 2226 eius
422 2183 543 2226 enouo
568 2183 598 2227 ai
650 2161 744 2226 euie
788 2184 849 2226 um
886 2183 903 2225 3

182 2248 267 2314 101?
287 2248 325 2315 D
335 2249 388 2332 25,
399 2184 510 2336 i),.5pr
541 2211 702 2334 Ulpianus
721 2184 805 2316 libio
824 2249 991 2335 trigesimo
1010 2250 1100 2314 sexto

91 2335 136 2402 ad
168 2334 325 2402 Sabinum
353 2336 401 2424 (P.
419 2301 603 2426 2806).
633 2338 725 2415 Quod
758 2339 836 2403 dioit
822 2343 875 2403 tur
905 2338 1100 2403 necessarias

87 2426 254 2511 impensos
273 2425 383 2490 dotem
401 2427 554 2510 minuere,
578 2427 624 2491 sie
643 2428 704 2490 3313
722 2426 954 2511 oooipiendum,
1034 2446 1100 2489 non

90 2514 164 2578 ut
155 2535 244 2596 ipsae
267 2535 318 2577 res
342 2515 554 2597 corporaliter
576 2516 808 2598 deminuontur,
831 2518 868 2578 ut
885 2518 964 2598 pute
982 2513 1098 2578 fundus

87 2601 144 2668 vel
178 2600 399 2685 quodcumque
429 2601 515 2665 eliud
543 2622 672 2686 eorpus,
706 2603 824 2666 etenim
851 2601 1024 2666 absurdum
1051 2604 1101 2665 est

89 2689 346 2755 deminutionem
364 2691 506 2773 eorporis
520 2690 588 2754 fieri
603 2694 733 2774 propter
745 2689 924 2774 pecuniam.
960 2696 1101 2753 ceterum

86 2779 172 2844 haee
204 2800 255 2844 res
287 2776 424 2859 311131331
455 2778 598 2844 desinere
627 2800 696 2843 esse
723 2778 854 2843 fundum
880 2777 1023 2842 dotalem
1050 2776 1101 2840 vel

85 2872 218 2952 partem
241 2867 318 2932 eius.

186 2979 289 3039 Sabini
311 2978 410 3040 virum
433 2997 502 3038 oum
524 2999 614 3041 uxore
637 2980 763 3040 fundum
787 2996 971 3039 communem
992 2977 1102 3036 hebere

86 3069 293 3128 existimantis
320 3068 500 3128 sententiam
527 3070 564 3129 ab
587 3070 716 3145 Ulpiano
744 3068 816 3128 33131
842 3067 956 3127 indicet
979 3066 1100 3126 Pernioe

83 3158 256 3324 1²39idii.
276 3256 315 3322 D.
329 3256 381 3339 25,
397 3257 426 3340 2,
441 3258 470 3339 8,
487 3258 514 3321 1.
547 3256 745 3342 Pomponius
764 3258 848 3322 libro
868 3262 958 3322 sexto
979 3256 1101 3322 decimo

84 3347 130 3412 ed
162 3345 317 3412 Sabinum
347 3345 395 3432 (P.
415 3342 504 3433 633).
532 3381 574 3394 -—
598 3344 736 3411 Sabinus
766 3349 825 3432 313,
853 3347 881 3413 si
908 3347 1024 3411 mulier
1049 3366 1101 3410 res

165 3492 180 3540 1
205 3486 357 3540 Momoteen
380 3486 465 3541 333131
486 3487 559 3543 iubet
582 3487 680 3542 contro
699 3485 769 3542 hoeo
788 3485 898 3543 efficiet.
935 3484 1102 3542 Tribooiooi

81 3573 191 3612 manue
208 3557 314 3612 31333333
331 3557 443 3613 subesse.
