2568 3890
419 125 444 174 7.
468 119 505 174 Μ.
522 119 714 177 ANTISTIUS
732 123 852 178 LABEO
1075 125 1139 190 259

223 280 294 346 179.
317 280 356 345 D.
375 281 405 364 9,
419 283 450 367 2,
466 284 494 366 7,
507 282 537 348 5.
584 283 741 369 Ulpianus
770 285 855 351 libro
879 291 993 352 octavo
1016 287 1139 352 decimo

126 370 169 436 ad
204 370 344 435 edictum
377 369 426 455 (P.
450 369 539 456 614).
570 408 607 420 —
637 421 673 438 ..
701 373 730 438 si
762 374 834 457 quis
866 397 995 441 servum
1030 397 1139 462 aegro

125 463 199 524 tum
231 459 345 523 leviter
371 460 566 544 percusserit
592 466 626 526 et
651 462 680 526 is
708 462 838 545 obierit,
865 513 899 530 ..
926 463 1034 530 Labeo
1062 465 1140 531 dicit

126 549 202 633 lege
229 545 360 632 Aquilia
388 569 460 613 eum
487 551 605 634 teneri,
637 551 713 635 quia
740 550 827 616 aliud
855 551 910 616 alii
937 554 1139 619 mortiferum

126 659 199 703 csse
222 638 314 704 solet.

220 736 294 801 180.
316 733 356 802 D.
375 735 404 817 9,
420 736 450 817 2,
464 735 542 819 9pr.
586 733 746 820 Ulpianus
768 736 854 802 libro
878 742 993 804 octavo
1016 739 1138 805 decimo

127 824 170 890 ad
199 825 337 890 edictum
361 821 411 909 (P.
431 821 537 911 61412).
565 860 603 871 -
628 872 659 890 ..
684 825 712 890 si
740 826 898 891 obstetrix
927 826 1137 896 medicamen·

125 920 200 978 tum
224 912 348 978 dederit
371 913 499 978 atinde
523 913 638 977 mulier
659 914 803 997 perierit,
828 914 935 979 Labeo
959 915 1138 1001 distinguit,

126 1007 179 1081 ut,
208 1002 236 1067 si
259 1000 388 1085 quidem
412 1001 479 1066 suis
502 1001 652 1067 manibus
679 1004 862 1087 supposuit,
889 1005 1036 1069 videatur
1059 1006 1139 1070 occi·

126 1090 227 1176 disse,
252 1093 303 1154 sin
326 1111 401 1155 vero
421 1091 518 1174 dedit,
542 1094 579 1157 ut
597 1091 661 1156 sibi
679 1092 794 1156 mulier
809 1093 948 1176 offerret,
972 1093 1137 1158 infactum

126 1180 286 1247 actionem
310 1178 457 1244 dmdem.

219 1276 292 1344 181.
316 1275 354 1340 D.
369 1277 399 1355 9,
413 1277 443 1360 2,
458 1275 510 1354 23,
523 1277 554 1341 4.
591 1275 750 1361 Ulpianus
773 1277 858 1343 libro
881 1283 996 1344 octavo
1015 1278 1137 1344 decimo

129 1366 169 1431 ad
198 1366 335 1432 edictum
364 1361 414 1452 (P.
438 1361 543 1451 61611).
573 1401 610 1412 -
712 1367 740 1430 si
769 1389 892 1450 servus,
919 1367 974 1454 qui
1002 1387 1137 1451 magnas

128 1453 259 1520 fraudes
283 1455 316 1519 in
340 1455 422 1519 meis
446 1453 626 1519 rationibus
650 1456 866 1534 commiserat,
888 1456 986 1521 fuerit
1005 1457 1138 1542 occisus,

126 1544 166 1610 de
190 1565 253 1628 quo
272 1544 495 1629 quaestionem
514 1543 634 1607 habere
653 1542 900 1630 destinaveram,
922 1550 959 1609 ut
975 1544 1137 1610 fraudium

124 1633 301 1718 participes
326 1637 521 1714 eruerentur,
544 1629 702 1697 ..Labeo
727 1634 840 1698 scribit
862 1634 946 1698 tanti
965 1634 1137 1699 aestimari·
1199 1681 1201 1686 -

125 1722 214 1804 dum,
247 1723 361 1807 quanti
393 1741 466 1786 mea
497 1720 654 1786 intererat
682 1721 810 1786 fraudes
838 1721 950 1808 [servi]
979 1745 1037 1807 per
1064 1745 1136 1787 eum

125 1811 314 1876 commissas
338 1811 459 1894 detegi,
488 1831 553 1875 non
576 1811 690 1895 quanti
714 1831 799 1874 noxa
822 1813 890 1876 eius
914 1813 998 1876 servi
1022 1812 1136 1877 valeat.

216 1909 288 1975 182.
312 1906 350 1972 Ι).
369 1908 399 1980 9,
414 1909 444 1987 2,
459 1908 488 1988 2,
504 1909 534 1973 2.
581 1907 679 1972 Gaius
708 1908 791 1973 libro
821 1909 959 1993 septimo
987 1909 1028 1974 ad
1053 1909 1136 1975 edio-

124 2000 195 2062 tum
227 1996 423 2081 provinciale
455 1992 507 2084 (P.
531 1993 619 2082 183).
648 2031 689 2044 —-
714 2019 843 2064 ...an
874 2021 946 2063 sues
977 1998 1136 2083 pecudum

126 2087 342 2171 appellatione
379 2087 601 2165 continentur,
642 2087 822 2171 quaeritur,
858 2092 890 2150 et
922 2136 960 2152 ..
993 2085 1136 2153 Labeoni

89 2261 92 2268 1
125 2176 233 2259 placet
256 2175 422 2239 contineri.

511 2301 559 2359 Ad
579 2310 662 2375 caput
681 2304 747 2360 ΙΙΙ.

214 2415 287 2480 183.
310 2412 349 2480 D.
367 2414 397 2496 9,
412 2415 442 2496 2,
457 2414 508 2494 29,
523 2415 553 2479 3.
589 2412 748 2497 Ulpianus
772 2414 855 2479 libro
878 2419 992 2480 octavo
1012 2415 1134 2480 decimo

125 2502 165 2568 ad
192 2502 331 2568 edictum
360 2500 407 2586 (P.
431 2498 536 2589 625⁶).
567 2537 605 2548 -
634 2501 744 2567 Labeo
773 2503 898 2585 scribit,
930 2503 972 2587 si,
1003 2525 1075 2568 cunr
1102 2505 1134 2569 vi

124 2597 291 2657 ventorum
323 2591 416 2656 navis
447 2590 588 2676 impulsa
620 2594 707 2654 esset
736 2590 771 2654 in
799 2590 892 2656 frines
920 2592 1133 2657 anchorarum

124 2681 255 2746 alterius
288 2684 322 2746 et
352 2685 471 2744 nautae
502 2679 596 2744 funes
627 2679 874 2762 praecidissent,
906 2679 934 2742 si
956 2680 1046 2744 nullo
1069 2681 1133 2744 alio

123 2769 217 2835 modo
244 2769 309 2833 nisi
336 2768 489 2853 praecisis
517 2768 647 2834 funibus
675 2766 836 2852 explicare
860 2789 893 2830 se
916 2768 1035 2853 potuit,
1062 2770 1134 2835 nul-

122 2858 188 2923 lam
216 2859 374 2923 actionem
403 2858 549 2923 dandam.
600 2857 749 2943 idemque
776 2855 885 2922 Labeo
916 2862 949 2921 et
977 2854 1132 2922 Proculus

123 2951 154 3012 et
181 2947 267 3013 eirca
292 2946 376 3010 retia
402 2946 614 3031 piscatorum,
647 2947 679 3012 in
708 2968 790 3032 quae
817 2947 907 3010 navis
937 2946 1133 3029 piscatorum

121 3035 289 3118 inciderat,
317 3035 538 3100 aestimarunt.
585 3033 694 3120 [plane
724 3037 751 3101 si
780 3035 875 3120 culpa
902 3038 1073 3100 nautarum
1100 3035 1132 3099 id

121 3125 243 3191 factum
267 3127 367 3205 esset,
390 3125 461 3208 lege
483 3123 615 3208 Aquilia
638 3125 822 3208 agendum]
869 3125 924 3190 sed
947 3121 1003 3188 ubi
1026 3123 1133 3187 damni

121 3214 241 3278 iniuria
269 3214 376 3298 agitur
404 3213 446 3277 ob
474 3213 569 3296 retia,
596 3233 662 3276 non
689 3213 841 3298 piscium,
869 3214 923 3297 qui
950 3213 1021 3277 ideo
1045 3211 1133 3294 capti
1162 3243 1164 3247 ·

19 3325 20 3330 ¹
121 3325 185 3368 non
214 3307 304 3387 sunt,
334 3301 406 3366 fieri
434 3301 708 3385 aestimationem,
742 3323 814 3366 cum
842 3303 1001 3366 incertum
1028 3301 1132 3384 fuerit,

122 3413 162 3456 an
181 3396 378 3474 caperentur.
415 3390 562 3474 idemque
581 3394 614 3453 et
633 3391 666 3454 in
685 3390 893 3454 venatoribus
908 3397 941 3455 et
954 3391 988 3454 in
1004 3389 1131 3474 aucupi-

120 3481 178 3544 bus
202 3481 414 3565 probandum.

864 3581 918 3634 1⁷*
