2506 3880
382 183 406 230 1.
428 175 467 232 la
483 175 677 231 ANTISTIUS
694 175 815 231 LABEO
1060 177 1103 241 89

161 397 199 455 V.
232 397 284 457 De
306 398 434 457 officio
458 390 515 478 (de
537 389 830 478 iurisdietioue?)
853 398 1035 474 praetoris

444 486 633 564 peregrini
655 487 752 545 libri.

180 610 271 670 Teste
294 611 474 670 Triboniano
501 609 583 687 apud
604 611 768 686 Ulpianum
795 610 873 670 libro
894 611 939 669 XI
960 612 1000 670 ad
1020 613 1100 672 edie-

92 703 158 759 tum
174 699 251 758 bueo
272 699 450 776 legebantur
467 692 520 781 (Ι).
538 701 568 776 4,
587 702 617 772 3,
636 702 666 774 9,
685 691 734 778 4);
757 693 870 758 ‘Labeo
888 718 1006 776 quoquo
1023 701 1100 762 libro

92 789 268 866 trigessimo
295 789 441 864 praetoris
468 788 621 865 peregrini
642 780 772 848 acribit'.
816 788 979 864 inquibus
1000 790 1101 851 verbis

95 877 233 936 similiter
250 879 341 954 atque
358 877 390 935 in
407 877 470 936 illis
483 872 597 937 ‘Labeo
614 877 693 936 libro
708 877 806 952 primo
819 877 968 953 praetoris
980 873 1101 936 urbani’

94 957 201 1047 (supra
223 985 253 1040 p.
272 960 330 1045 83)
351 965 411 1026 riri
434 966 598 1026 doctissimi
619 965 815 1025 offenderunt
850 965 976 1042 „Dieser
997 963 1101 1039 Text“,

94 1054 194 1131 inquit
210 1053 348 1132 Krueger
364 1075 393 1130 p.
410 1057 483 1130 144,
500 1054 561 1130 „ist
577 1055 729 1114 entweder
741 1054 907 1114 verdorben
926 1054 998 1114 oder
1010 1073 1044 1114 es
1060 1057 1102 1114 ist

94 1142 133 1202 ad
149 1143 283 1202 edietum
300 1163 337 1202 zu
354 1139 527 1221 erganaeffl.
562 1147 594 1203 et
611 1143 753 1218 opinatur
769 1143 935 1202 Mommsen
952 1144 985 1202 in
1000 1162 1102 1202 reeen-

93 1231 191 1290 sendis
221 1231 415 1309 Digestorum
445 1232 532 1291 libris
562 1231 656 1292 verba
681 1225 844 1308 ‘praetoris
870 1225 1037 1310 peregrini’
1065 1253 1101 1291 ex

94 1313 317 1395 ‘posteriorum'
330 1323 473 1395 corrupta
484 1339 550 1380 esse
563 1321 812 1398 seribendumque
822 1315 911 1380 ‘libro
925 1321 1100 1399 trigensimo

92 1403 314 1484 posteriorum'.
365 1415 399 1468 at
429 1429 483 1468 eur
512 1409 627 1468 tradita
656 1409 751 1468 verba
780 1410 986 1485 emendemus,
1016 1411 1102 1469 1111114

91 1496 199 1557 idonea
219 1497 307 1557 ratio
339 1501 397 1557 est:
431 1500 517 1576 „eine
544 1497 786 1576 Versebreibuug
815 1497 867 1557 des
899 1498 1101 1577 landlunfigeu

92 1586 188 1645 Titels
224 1588 438 1664 posteriorum,
474 1587 528 1646 der
560 1588 593 1645 in
618 1586 795 1646 'demselbeu
829 1587 993 1664 Fragment
1026 1589 1101 1646 111111

90 1675 200 1736 verber
231 1675 330 1734 4111411
355 1695 431 1751 war,
461 1676 494 1734 iu
526 1676 613 1734 einen
643 1695 719 1753 ganz
748 1675 1016 1752 ungewdbnlicheu
1045 1677 1101 1735 bat

89 1765 190 1840 wenig
203 1761 511 1824 Wabrseheinliobes“
529 1765 652 1823 Pemiee
670 1765 751 1824 156.
782 1764 885 1840 itaque
903 1764 935 1822 in
952 1764 1010 1823 1144
1028 1785 1101 1841 quo·

90 1871 149 1930 que
177 1853 347 1930 fragmento
373 1853 424 1912 141
446 1847 496 1912 ‘ad
522 1847 665 1912 edietum’
691 1853 742 1911 vel
770 1846 818 1911 ‘da
844 1847 954 1912 offleio'
980 1853 1103 1913 videtur

90 1944 148 2000 aut
169 1941 361 2000 inserendum
383 1945 437 2001 aut
459 1941 753 2020 subintelligendum.

180 2031 225 2089 At
237 2030 407 2090 Labeonem
420 2030 458 2090 de
470 2031 630 2107 peregrino
643 2034 781 2106 praetore
796 2031 931 2106 potuisse
947 2031 999 2091 vix
1015 2031 1100 2108 loqui

87 2118 256 2178 Mommsen
278 2117 370 2178 St.·R
393 2111 483 2197 11³,1
508 2122 703 2196 11221142
727 2119 893 2198 contendit,
915 2138 985 2180 411111
1007 2121 1099 2198 signi-

87 2207 262 2268 ficationem
283 2207 369 2266 illam
396 2227 504 2283 parum
526 2209 714 2269 emendatam
741 2200 938 2289 („ineorreete
960 2209 1099 2270 Bezeich-

86 2291 206 2376 nung“)
230 2313 294 2356 esse
321 2296 410 2356 dieat
455 2298 507 2356 sed
533 2298 704 2357 1111444114
727 2291 905 2357 ‘iurisdictio
927 2292 1098 2374 peregrina’

87 2377 533 2466 44114144141(Μ4111111441114.
546 2407 575 2462 p.
587 2389 649 2446 196
660 2405 688 2444 n.
699 2378 745 2467 4),
758 2387 803 2445 ita
815 2387 879 2464 iila,
892 2405 961 2446 eum
974 2387 1098 2447 homini·

86 2473 146 2532 bus
164 2473 197 2531 in
210 2473 330 2532 iudiciis
344 2475 473 2533 multum
486 2475 614 2535 versatis
628 2479 753 2550 propter
764 2474 944 2535 brevitatem
957 2476 997 2534 ad
1008 2494 1100 2534 usum

87 2562 248 2638 aptissima
269 2562 363 2621 fnisse
385 2563 536 2641 videatur,
563 2563 615 2624 vix
637 2564 741 2639 habet,
767 2563 800 2621 in
822 2582 881 2640 quo
905 2557 1099 2624 offendamus.

180 2650 266 2709 Idem
293 2651 472 2730 Mommsen,
503 2652 556 2729 qui
583 2650 732 2710 Labeonis
763 2652 800 2709 de
827 2650 926 2710 offieio
951 2653 1099 2724 praetoris

84 2739 242 2816 peregrini
268 2739 361 2799 libros
384 2741 519 2800 extitisse
541 2743 634 2817 negat
656 2770 698 2781 -
722 2739 793 2816 „der
815 2738 989 2816 angebliehe
1013 2737 1099 2797 Com-

82 2832 208 2888 mentar
234 2827 352 2888 Labeos
382 2829 493 2888 berubt
520 2828 662 2905 lediglioh
690 2829 746 2888 auf
769 2828 899 2888 falseher
925 2827 1100 2904 Aussdsung

83 2917 173 2976 einer
185 2914 389 2996 Abkdraung“
408 2912 481 2998 (1.4.
499 2938 528 2993 p.
543 2921 606 2977 221
625 2937 656 2977 11.
671 2911 705 3000 2)
724 2949 767 2960 -
785 2918 849 2994 ipse
866 2916 964 2976 addit:
983 2916 1099 2994 ,114111-

81 3005 209 3083 wdrdig
231 3006 272 3064 iat
295 3025 327 3065 es
354 3006 416 3065 und
437 3026 498 3066 rou
520 3005 578 3066 deu
599 3026 730 3066 neueren
752 3007 888 3067 Juristen
909 3006 1098 3065 baiweitem

82 3094 175 3154 nicht
196 3095 323 3172 geborig
345 3096 497 3172 beaobtet,
525 3096 595 3154 dass
622 3115 677 3155 aus
704 3115 828 3156 unserer
850 3095 1020 3154 Litteratur
1045 3095 1098 3153 das

82 3182 221 3242 edietum
247 3184 396 3259 praetoris
424 3183 576 3260 peregrini
607 3183 743 3260 ganzlieh
769 3184 1003 3244 versehwunden
1029 3177 1099 3243 ist“.

80 3289 149 3331 nou
171 3272 334 3332 miraretur
361 3273 409 3333 vir
431 3271 633 3347 doctissimus,
660 3271 719 3331 nisi
741 3271 888 3332 Labeonis
915 3272 983 3331 11144
1005 3270 1098 3331 libros

7 3363 8 3366 ’
81 3360 257 3438 ingeniosa,
287 3361 340 3420 sed
368 3381 429 3420 non
460 3360 610 3436 probabili
640 3360 811 3420 coniectura
837 3359 972 3435 extingui
997 3361 1098 3420 vellet.

180 3447 239 3508 Sed
269 3448 330 3509 alia
361 3468 410 3509 res
437 3449 574 3509 offendit:
605 3445 817 3526 „allerdings“,
847 3449 948 3524 inquit
974 3448 1097 3509 Pernico

80 3538 172 3614 157,
203 3538 261 3616 „ist
292 3557 323 3598 es
354 3538 501 3616 geradeau
529 3537 715 3615 unmoglich,
747 3537 816 3597 dass
842 3536 943 3596 Labeo
971 3537 1099 3612 dreissig
