2580 3888
469 188 495 238 9.
518 180 648 236 FABIUS
669 181 772 236 MELA
1059 178 1124 244 299

115 367 187 410 meo
211 347 381 428 argentum
406 343 540 428 dederis,
562 349 599 408 ut
621 345 737 427 pocula
759 343 821 409 tibi
843 343 964 409 faceret
986 364 1025 407 ex
1044 365 1122 428 quo·

113 435 195 498 libet
227 437 378 518 argento,
409 455 484 498 mox
515 434 612 497 factis
645 433 769 517 poculis
802 453 912 497 servus
941 431 1123 514 decesserit,

114 545 185 588 esse
208 522 270 588 tibi
294 523 447 588 adversus
470 543 521 586 me
545 521 583 585 de
601 522 636 585 in
654 543 722 585 rem
741 542 832 586 verso
852 521 1020 605 actionem,
1043 542 1120 605 qno·

112 612 203 677 niam
226 633 359 696 possum
383 611 499 696 pocula
521 610 694 675 vindicare.

299 811 333 872 Sl
356 830 394 872 cc
412 813 541 872 libertate
562 814 595 871 ta
617 813 781 870 servitutem
797 812 936 884 petatur?

205 931 233 997 5.
267 931 305 997 D.
322 933 350 1011 7,
367 933 396 1012 7,
410 932 488 1014 dpr.
533 927 693 1013 Ulpianus
722 929 806 994 libro
834 928 1123 1013 quinquagensimo

114 1021 227 1105 quinto
251 1021 290 1084 ad
315 1020 456 1085 edictum
480 1015 530 1106 (P.
546 1019 656 1101 1295).
678 1055 723 1065 -
746 1016 826 1083 (lum
850 1018 888 1082 de
912 1018 995 1082 servi
1018 1015 1125 1103 operis

115 1109 248 1174 artificis
271 1110 393 1194 agitur,
420 1129 480 1194 pro
503 1108 600 1172 modo
622 1106 841 1172 restituendae
866 1111 954 1190 sunt,
982 1105 1038 1170 sed
1061 1126 1125 1168 me

114 1197 248 1263 diastini
270 1198 446 1263 secundum
470 1197 699 1280 ministerium,
722 1196 825 1260 etita
848 1195 932 1260 Mela
957 1193 1080 1259 scribit.

205 1319 241 1377 cl.
263 1318 358 1378 Lenel
381 1319 513 1378 edictum
535 1320 650 1393 perpet
668 1337 696 1393 p.
712 1319 786 1378 309.

326 1514 373 1572 De
395 1516 505 1574 actione
526 1514 558 1572 iu
579 1513 781 1586 fraudatorem
803 1514 911 1572 doado.

205 1633 234 1696 6.
267 1630 305 1696 D.
324 1632 377 1707 42,
392 1635 421 1713 8,
436 1632 488 1717 25,
504 1633 532 1696 7.
582 1630 759 1696 Venuleius
791 1631 873 1696 libro
907 1636 996 1696 sexto
1029 1632 1126 1694 inter·

115 1721 274 1787 dictorum
297 1717 346 1808 (P.
361 1719 429 1807 28).
453 1757 493 1768 -
519 1767 581 1785 ...
605 1718 690 1783 Mela
717 1741 782 1784 non
812 1720 950 1804 putabat
976 1721 1011 1785 in
1037 1719 1126 1784 frau-

114 1809 260 1876 datorem
284 1833 354 1875 eam
378 1807 435 1897 (sc.
460 1805 636 1894 actionem)
660 1809 808 1894 dandam,
831 1807 907 1893 quia
929 1809 1019 1873 nulla
1038 1809 1124 1874 actio

113 1899 150 1964 in
186 1921 258 1965 eum
296 1922 334 1964 ex
371 1904 445 1964 ante
477 1902 569 1984 gesto
601 1903 678 1983 post
713 1898 872 1962 bonorum
908 1898 1125 1963 venditionem

5 2063 7 2068 .
115 1989 246 2054 daretur
273 1991 306 2053 et
333 1989 479 2071 iniquum
507 1990 593 2052 esset
620 1988 781 2052 actionem
810 1986 881 2052 dari
903 1986 937 2051 in
960 2009 1047 2072 eum,
1073 1986 1125 2052 cui

113 2078 201 2142 bona
224 2077 333 2142 ablata
355 2083 472 2142 essent

502 2234 550 2292 De
571 2235 736 2293 interdictis.

202 2353 232 2416 7.
269 2351 308 2417 D.
326 2353 379 2437 43,
400 2351 451 2437 14,
471 2354 500 2434 1,
519 2353 548 2418 8.
597 2349 757 2434 Ulpianus
784 2345 868 2416 libro
898 2352 1122 2434 sexagensimo

116 2445 231 2506 octavo
259 2441 300 2505 ad
327 2440 468 2507 edictum
493 2438 543 2528 (P.
559 2437 669 2526 1520).
691 2477 736 2488 -
759 2439 794 2505 Si
821 2442 893 2523 quis
921 2440 999 2505 velit
1026 2440 1121 2504 inter-

114 2529 236 2595 dictum
264 2530 329 2595 tale
353 2551 496 2611 movere,
523 2531 560 2592 ut
583 2530 673 2594 loeus
698 2528 897 2611 deprimatur
921 2527 1045 2611 pecoris
1068 2551 1125 2612 ap·

115 2619 258 2703 pellendi
281 2618 400 2703 gratia,
422 2640 489 2683 non
513 2618 609 2682 debet
632 2617 745 2696 audiri,
769 2623 802 2681 et
825 2616 872 2680 ita
894 2615 981 2680 Mela
1004 2617 1126 2681 scribit.

205 2709 234 2774 8.
276 2707 315 2771 D.
333 2706 410 2772 ibid.
430 2709 450 2786 ὅ
472 2707 502 2770 9.
537 2743 578 2752 -
611 2704 702 2770 Idem
741 2705 788 2768 ait
820 2704 885 2768 tale
917 2703 1125 2768 interdictum

115 2800 304 2881 competere,
327 2818 368 2860 ne
393 2797 443 2861 cui
463 2795 513 2860 vis
532 2795 598 2877 fiat,
621 2815 683 2880 quo
703 2794 808 2858 minus
827 2814 924 2877 pecus
945 2793 986 2856 ad
1006 2791 1125 2856 flumen

116 2886 282 2970 publicum
304 2885 451 2970 ripamve
474 2885 615 2949 fluminis
638 2882 761 2968 p'ubliei
785 2882 977 2967 appellatur.

203 2974 232 3038 9.
260 2975 299 3038 D.
313 2975 368 3060 43,
381 2975 433 3058 23,
451 2977 477 3052 1,
494 2975 544 3039 12.
577 2973 736 3057 Ulpianus
756 2972 840 3036 libro
861 2969 1124 3055 septuagensimo

113 3063 218 3146 primo
239 3063 279 3126 ad
299 3063 438 3128 edictum
457 3061 506 3149 (P.
523 3061 631 3149 1589).
648 3099 687 3109 -
704 3059 891 3127 ...Fabius
906 3058 992 3123 Mela
1012 3058 1124 3123 scribit

114 3157 297 3236 competere
315 3151 377 3217 hoo
395 3151 602 3217 interdictum
621 3148 678 3237 (sc.
698 3150 736 3214 de
756 3144 899 3235 cloacis),
918 3147 1007 3211 utin
1026 3147 1126 3211 vicini

112 3240 344 3414 {ggegrffiiat
372 3245 405 3305 et
433 3240 595 3306 rescindat
617 3239 803 3324 pavimenta
825 3235 1013 3323 purgandae
1037 3235 1126 3300 cloa-
