2508 3896
165 172 232 238 560
267 173 300 226 11.
327 170 393 226 ΤΙΒ,
418 170 494 225 call
518 170 647 226 CLAUD.
671 170 805 226 NERON.
829 169 934 227 TEMP.
953 170 1051 226 IURIS
1071 170 1169 228 CONS.

254 338 340 410 Quod
358 342 460 398 autem
477 340 592 415 placuit
610 339 646 398 de
665 339 767 414 servis,
785 339 938 415 inquibus
952 339 1171 400 usumfructum

165 430 319 504 habemus,
345 429 458 488 scilicet
479 431 514 487 ut
539 428 684 505 quidquid
707 448 743 488 er
764 447 797 486 re
818 431 924 488 nostra
946 429 995 488 vel
1018 447 1054 486 er
1078 429 1170 504 operis

164 518 226 577 tuis
254 517 428 594 adquirant,
455 517 486 575 id
513 517 598 576 nobis
627 516 817 595 adquiratur,
845 511 934 576 ‘idem
956 518 1058 592 placet
1081 517 1116 576 de
1137 537 1170 577 eo

164 608 218 682 qui
236 624 254 665 a
271 607 358 666 nobis
377 606 531 665 bonafide
550 606 728 683 possidetur,
746 606 808 665 sive
826 607 904 665 liber
922 605 962 666 sit
981 607 1044 665 sive
1059 606 1170 665 alienus

165 713 268 755 servus
357 695 460 772 itaque
483 694 563 772 quod
583 698 669 755 extra
687 695 761 754 duas
780 695 854 755 istas
872 713 977 754 causas
996 695 1171 773 adquiritur,

163 783 196 842 id
222 785 271 844 rol
294 784 451 859 adipsum
474 784 618 862 pertinet,
646 784 672 842 si
693 784 771 843 liber
793 787 852 860 est,
879 784 928 843 vel
951 784 989 843 ad
1012 783 1171 862 dominum,

164 873 191 932 si
218 891 322 933 servus
349 877 403 932 est.
449 872 503 932 sed
527 873 623 931 bonae
645 873 715 931 fidei
736 891 890 949 possessor
913 891 981 931 cum
1003 873 1172 948 usuoeperit

165 980 297 1040 servum,
325 962 395 1039 quia
423 980 458 1020 eo
484 961 571 1021 modo
600 961 735 1020 dominus
762 961 810 1039 fit,
838 981 874 1021 ex
902 962 982 1021 omni
1009 979 1101 1021 causa
1121 981 1172 1037 per

164 1071 234 1111 eum
257 1051 315 1111 sibi
337 1051 496 1128 adquirere
517 1053 626 1127 potest.
663 1051 904 1110 usufructuarius
922 1070 993 1111 vero
1012 1069 1173 1126 usucapere

163 1159 225 1200 non
242 1144 354 1216 potest:
372 1141 502 1216 primum
521 1138 591 1214 quia
609 1158 669 1198 non
681 1139 822 1215 possidet,
841 1139 892 1199 sed
906 1140 1057 1200 hebetius
1073 1140 1173 1198 utendi

164 1229 298 1305 fruendi,
330 1228 434 1288 deinde
467 1229 538 1305 quia
570 1228 628 1288 soit
654 1229 785 1287 alienum
808 1247 927 1289 servum
953 1246 1027 1288 esse.
1076 1248 1174 1304 ..per

164 1337 233 1377 eum
252 1362 281 1378 ..
301 1336 389 1394 quem
415 1319 493 1377 bona
520 1315 578 1374 fide
601 1317 801 1392 possidemus,
828 1318 892 1377 sine
915 1316 1004 1377 dubio
1028 1318 1061 1376 et
1082 1318 1172 1393 possi·

164 1407 234 1466 dere
259 1409 289 1465 et
311 1424 475 1483 usucapere
497 1400 676 1482 possumus'.
713 1404 778 1466 cai.
794 1408 823 1480 2,
839 1408 977 1467 91-94,

256 1507 305 1572 10.
329 1506 368 1572 D.
383 1508 436 1590 41,
450 1507 479 1586 3,
495 1494 537 1572 ld
547 1529 594 1592 pr.
640 1505 802 1590 Ulpianus
826 1507 912 1572 libro
936 1510 1026 1571 sexto
1051 1507 1173 1573 decimo

165 1596 206 1661 ad
227 1597 366 1662 edictum
386 1595 436 1679 (P.
445 1591 551 1682 5701).
572 1631 609 1642 -
632 1593 666 1660 si
685 1596 860 1661 alienares
879 1596 1046 1660 bonafide
1066 1600 1173 1681 empta

166 1685 220 1766 sit,
253 1685 431 1769 quaeritur,
463 1689 501 1748 ut
528 1686 682 1770 usucapio
711 1689 831 1770 currat,
864 1689 971 1749 utrum
999 1686 1173 1768 emptionis

165 1775 296 1840 initium
322 1783 360 1838 nt
387 1774 506 1838 bonam
533 1773 630 1837 fidem
657 1773 778 1839 habeat
805 1775 974 1858 exigimus,
1006 1794 1049 1836 an
1076 1773 1174 1837 tradi·

165 1863 275 1928 tionis.
313 1868 346 1927 et
364 1863 506 1946 optinuit
521 1859 634 1928 Sabini
651 1867 683 1927 et
697 1861 802 1928 Cassii
817 1863 976 1927 sententia
989 1861 1174 1928 traditionis

162 1951 293 2016 initium
317 1952 533 2035 spectandum.

256 2040 306 2104 11.
332 2039 371 2106 D.
386 2041 438 2122 41,
452 2041 483 2124 4,
496 2041 527 2124 2,
541 2041 572 2106 2.
621 2039 741 2104 Paulus
768 2039 853 2104 libro
882 2039 1175 2124 quinquagensimo

164 2132 283 2210 quarto
316 2129 355 2191 ad
389 2129 528 2192 edictum
556 2127 605 2210 (P.
625 2125 727 2216 664⁸).
758 2164 796 2174 -
826 2126 861 2193 si
893 2128 952 2192 sub
986 2128 1175 2194 condicione

165 2217 286 2300 emptio
309 2216 396 2281 facta
419 2217 470 2302 sit,
491 2217 650 2300 pendente
674 2217 859 2282 condicione
883 2220 1009 2300 emptor
1028 2239 1090 2282 usu
1109 2239 1176 2282 non

165 2306 261 2388 capit.
306 2305 454 2389 idemque
482 2308 532 2368 est
555 2308 588 2368 et
611 2305 640 2369 si
661 2311 755 2388 putet
777 2305 997 2371 condicionem
1021 2306 1176 2384 extitisse,

163 2415 247 2477 quae
275 2394 417 2458 nondum
446 2394 585 2477 exstitit3
612 2395 727 2458 similis
751 2398 801 2459 est
825 2395 910 2458 enim
933 2394 976 2477 ei,
1004 2395 1060 2479 qui
1083 2399 1178 2478 putat

165 2505 200 2548 se
227 2483 351 2548 emisse.
398 2487 510 2548 contra
538 2483 565 2547 si
593 2483 721 2548 exstitit
748 2487 780 2548 et
806 2483 948 2568 ignoret,
974 2486 1087 2566 potest
1113 2484 1177 2549 dici

164 2571 339 2637 secundum
367 2569 536 2656 Sabinum,
566 2573 622 2656 qui
648 2571 756 2656 potius
785 2571 1001 2637 substantiam
1029 2573 1178 2638 intuetur

164 2683 262 2746 quam
286 2661 484 2745 opinionem,
507 2682 683 2744 usucapere
706 2682 788 2725 eum.

255 2751 305 2816 12.
324 2750 363 2815 D.
374 2750 449 2814 ibid.
459 2752 479 2830 ἐ
490 2750 519 2815 3.
531 2785 573 2796 -
589 2748 737 2835 Sabinus,
751 2749 780 2814 si
794 2749 839 2814 sio
854 2751 963 2832 empta
977 2749 1020 2814 sit
1030 2745 1090 2836 (so.
1100 2747 1178 2835 res),

166 2844 212 2924 ut,
229 2838 294 2904 nisi
308 2839 445 2922 pecunia
457 2841 544 2903 intra
558 2837 643 2902 diem
658 2843 780 2904 certum
795 2839 902 2902 soluta
916 2840 1011 2924 esset,
1028 2838 1180 2924 inempta

163 2949 214 2992 res
237 2928 343 3010 fieret,
364 2949 430 2993 non
454 2935 684 3011 usucapturum
707 2927 770 2992 nisi
791 2926 957 3012 persoluta
978 2929 1128 3010 pecunia.

255 3017 306 3082 13.
335 3016 374 3081 D.
393 3018 447 3103 41,
460 3017 490 3100 2,
504 3017 535 3094 3,
549 3016 578 3081 3.
627 3014 744 3080 Paulus
771 3016 855 3080 libro
883 3016 1179 3101 quinquagensimo

163 3112 279 3189 quarto
304 3104 343 3169 ad
362 3105 501 3170 edietum
521 3104 568 3190 (P.
583 3100 686 3192 658⁸).
704 3141 747 3152 —
828 3103 949 3170 Brutus
968 3108 1001 3170 et
1019 3104 1179 3170 Manilius

162 3196 278 3277 putant
301 3216 373 3258 eum
397 3195 453 3279 qui
475 3193 610 3259 fundum
632 3215 692 3260 uste
710 3192 822 3279 cepit¹,
845 3194 943 3258 etiam
962 3193 1180 3258 thensaurum

163 3283 287 3366 cepisse
306 3284 451 3366 quamvis
468 3283 591 3349 nesciat
608 3284 642 3348 in
656 3283 755 3348 fundo
769 3303 838 3348 esse
911 3282 1041 3366 quidam
1056 3285 1181 3367 putant

164 3367 277 3434 Sabini
306 3371 500 3435 sententiam
527 3373 685 3437 veriorem
718 3393 788 3438 esso
818 3393 879 3437 nee
905 3372 986 3437 alias
1015 3393 1090 3437 eum
1121 3370 1180 3457 qui

239 3547 252 3592 1
275 3539 348 3596 Trio.
367 3540 453 3610 longa
470 3544 643 3612 possessione
663 3546 746 3615 oepit.
