2568 3890
148 146 213 210 218
251 146 271 202 Ι.
295 145 450 200 AETATIS
468 145 626 230 AUGUSTt
644 145 691 200 ΕΤ
711 144 845 201 TIBERII
863 144 959 200 lutus
979 143 1159 200 CONSULTI

148 312 308 392 tempore,
345 330 408 393 quo
447 309 581 373 vendere
620 309 781 392 mancipia
815 330 881 373 non
918 308 1060 392 expedit,
1096 309 1159 375 hoe

149 419 239 480 essu,
268 397 344 480 quia
371 397 560 462 deteriorem
590 420 721 463 oausam
749 419 855 462 meam
877 398 973 481 facis,
999 397 1104 462 teneri
1126 401 1158 462 ts

148 507 207 569 pro
231 487 319 551 socio
342 486 471 551 iudicio.

546 599 594 658 De
615 600 761 659 mundato.

240 708 313 774 163.
345 706 384 774 Ι).
401 709 451 792 12,
466 710 497 794 6,
511 710 588 796 dpr.⁴
633 707 753 773 Paulus
775 708 860 772 libro
883 710 979 772 tertio
1003 709 1043 773 ad
1068 705 1159 774 Sabi-

148 818 225 861 num
249 793 298 882 (P.
316 795 425 884 1643).
451 835 488 844 -
516 797 550 862 Si
578 801 769 881 procurator
795 799 870 860 tuus
893 797 1073 862 indebitum
1097 799 1160 863 sol·

149 885 232 949 verit
265 889 298 948 et
329 888 365 950 tu
392 890 499 951 ratum
526 907 592 950 non
620 885 756 970 habeas,
786 907 883 970 posse
915 886 1018 970 repeti
1048 884 1158 952 Labeo

148 974 240 1038 libris
264 975 478 1056 posteriorum
503 974 640 1058 scripsit.

240 1063 313 1127 164.
336 1062 376 1128 Ι).
390 1062 466 1129 ibid.
481 1065 501 1144 ξ
519 1064 546 1128 1.
570 1099 612 1109 -
635 1061 725 1127 Idem
745 1063 853 1127 Labeo
877 1063 933 1146 ait,
956 1063 984 1127 si
1008 1085 1159 1147 procura·

149 1152 214 1216 tori
245 1152 425 1216 indebitum
459 1152 601 1217 solutum
635 1151 677 1215 sit
710 1153 742 1215 et
774 1151 922 1216 dominus
954 1156 1061 1216 ratum
1091 1175 1158 1218 non

146 1241 283 1324 habeat,
305 1262 401 1327 posse
424 1240 535 1325 repeti.

475 1405 662 1480 Nepotiorum
682 1409 833 1480 pastorum.

240 1522 312 1590 165.
344 1522 383 1588 D.
398 1523 428 1608 3,
442 1524 472 1608 5,
486 1525 539 1589 42.
584 1524 692 1588 Labeo
720 1523 804 1589 libro
828 1528 918 1590 sexto
941 1523 1158 1609 posteriorum

148 1612 399 1696 epitomatorum
414 1635 433 1677 a
448 1613 609 1678 lavoleno.
627 1649 665 1658 -
682 1612 761 1678 Oura
773 1615 940 1696 pausam
957 1614 1023 1678 eius
1035 1616 1160 1679 romine

147 1701 287 1780 solveres
310 1703 364 1783 qui
386 1702 442 1766 tibi
462 1702 544 1767 arbit
565 1703 775 1786 maudaverat,
797 1703 985 1784 repotiorurr
1004 1708 1159 1785 postorum

148 1791 226 1855 actio
254 1789 309 1854 tibi
336 1792 487 1874 competit,
517 1812 587 1856 rum
609 1811 645 1855 eo
667 1791 814 1855 solutiore
836 1791 949 1855 debitor
971 1813 991 1855 o
1013 1793 1160 1858 creditore

148 1879 295 1944 bberutos
325 1881 368 1944 sit
391 1881 477 1963 [rrr‘sr'
509 1881 537 1946 sr'
568 1880 644 1962 quid
673 1878 815 1944 debitoris
847 1880 989 1961 interfuit
1014 1901 1082 1946 eom
1102 1902 1158 1964 pe·

146 1969 271 2032 rariora
293 1988 357 2032 rorr
378 1969 507 2048 solri?].

511 2114 620 2174 Liber
642 2115 794 2176 XXXVII.

552 2230 599 2288 De
621 2231 755 2304 deposito.

239 2347 309 2413 166.
348 2347 387 2412 D.
401 2348 432 2426 4,
446 2348 476 2427 3,
490 2347 520 2431 9,
534 2347 564 2412 3.
613 2347 774 2433 Ulpianus
808 2348 890 2413 libro
919 2349 1087 2414 undecimo
1117 2351 1156 2414 sd

148 2435 288 2500 edietum
313 2435 361 2521 (P.
376 2433 478 2522 385⁰).
502 2473 540 2482 -
566 2435 673 2500 Labeo
696 2438 780 2502 libro
803 2437 993 2522 trigensimo
1018 2439 1156 2521 septimo

147 2525 362 2610 posteriorum
380 2526 500 2610 scribit,
520 2525 548 2590 si
562 2528 669 2591 oleum
682 2530 775 2591 tuum
790 2526 884 2610 quasi
899 2548 991 2590 suum
1007 2525 1157 2593 defendat

148 2613 264 2697 Titius,
287 2619 320 2678 et
342 2619 378 2679 tu
401 2615 463 2680 hoo
486 2615 593 2680 oleum
617 2615 802 2698 deposueris
827 2615 912 2698 apud
933 2611 1051 2699 Seium,
1073 2619 1110 2679 ut
1129 2617 1157 2681 is

146 2702 208 2768 hoo
243 2703 392 2768 uenderet
424 2708 457 2768 et
489 2703 628 2787 pretium
662 2707 818 2787 servaret,
851 2703 949 2768 donee
981 2704 1067 2768 inter
1098 2726 1157 2770 vos

146 2792 345 2856 deiudicetur
385 2793 475 2857 ouius
511 2793 618 2857 oleum
655 2796 755 2877 esset,
795 2813 899 2875 usquo
936 2791 1042 2856 Titius
1078 2793 1157 2858 velit

146 2880 300 2945 iudicium
342 2881 498 2964 auuipera:
540 2881 692 2964 quonism
731 2902 834 2963 nsque
870 2881 1017 2946 mandati
1053 2903 1155 2965 neque

147 2969 362 3054 sequestraria
390 2968 498 3033 Seium
532 2970 701 3033 convenire
728 2972 823 3053 potes
850 2970 994 3034 nondum
1020 2969 1157 3055 impleta

146 3057 332 3123 condicione
373 3057 599 3140 depositionis,
643 3058 682 3122 de
723 3057 797 3123 dolo
839 3057 991 3124 adversus
1033 3058 1156 3124 Titium

147 3147 315 3232 agendum.

238 3236 310 3301 167.
343 3234 381 3299 Ι).
398 3235 449 3318 16,
463 3236 493 3318 3,
507 3235 560 3299 33.
597 3235 705 3300 Labeo
724 3236 807 3300 libro
828 3240 919 3300 sexto
938 3236 1156 3319 posteriorum

147 3344 167 3386 a
183 3321 337 3389 Iavoleuo
357 3324 616 3407 epitomatorum.
633 3361 671 3372 —
687 3323 801 3389 Seruus
819 3329 890 3389 tuus
902 3327 1068 3406 perorem
1086 3347 1156 3392 oum

147 3411 234 3474 Arrio
256 3413 291 3476 ire
313 3417 461 3494 sequestre
483 3414 622 3494 deposuit
640 3415 725 3494 apud
742 3412 903 3478 Maeuium
920 3435 958 3478 ea
975 3415 1156 3499 condicione,

145 3503 181 3562 ut
202 3519 239 3563 eo
260 3500 315 3565 tibi
336 3502 523 3584 redderetur,
549 3503 578 3567 si
601 3507 688 3566 trram
712 3521 775 3567 esse
791 3502 966 3585 probasses,
992 3504 1021 3568 si
1043 3505 1156 3589 miuus,
