2512 3888
382 187 407 234 2.
429 178 613 235 MASURIUS
635 179 791 236 SABINUS
1028 177 1095 241 475

82 365 146 409 esse
170 347 280 424 solent3
305 346 337 406 in
359 366 481 406 manum
500 351 600 406 autem
619 346 746 406 sominae
769 349 888 406 tantum
907 345 1096 409 conveniunt.

82 437 155 498 olim
182 437 284 514 itaque
312 435 410 494 tribus
438 435 533 495 modis
559 435 592 494 in
619 453 740 494 manum
769 436 995 495 conveniebant:
1028 453 1095 508 usu,

82 527 195 602 farreo,
233 525 426 600 coemptione.
480 542 539 583 usu
575 524 607 583 in
641 541 763 582 manum
794 524 988 583 conveniebat
1019 543 1095 600 quae

83 633 161 674 anuo
183 612 323 672 continuo
342 616 437 688 nupta
455 612 678 688 perseverabam
698 612 769 689 quia
788 612 866 670 enim
884 612 980 672 veluti
997 631 1096 672 annua

82 701 268 780 possessione
281 702 524 777 usucapiebatur,
538 701 570 758 in
580 700 725 759 familiam
734 701 792 761 viri
801 700 949 760 transibat
958 701 1095 779 filiaeque

81 793 183 852 locum
206 790 368 867 optinebat.
410 791 511 867 itaque
534 790 601 868 lege
620 789 678 848 XII
701 791 874 849 tabularum
897 792 1020 848 cautum
1042 793 1096 868 est,

82 884 119 939 ut
150 880 176 940 ei
207 898 267 956 qua
293 879 388 938 nollet
415 898 449 938 eo
477 879 565 939 modo
593 879 625 937 in
651 897 772 937 manum
800 877 903 937 mariti
931 878 1096 956 convenire,

85 987 121 1028 ea
145 968 304 1046 quotannis
327 968 466 1028 trinoctio
485 967 603 1028 abesset
621 971 712 1042 atque
735 986 769 1026 eo
788 968 875 1025 modo
893 985 982 1026 usum
1000 966 1097 1026 euius-

85 1077 143 1135 que
180 1057 251 1115 anni
286 1057 527 1132 interrumperet.
589 1056 640 1115 sed
674 1057 730 1115 hoo
767 1058 866 1116 totum
902 1055 949 1114 ius
985 1055 1097 1130 partim

83 1146 202 1224 legibus
222 1146 377 1204 sublatum
395 1149 451 1222 est,
470 1147 580 1222 partim
599 1147 666 1221 ipsa
680 1144 877 1204 desuetudine
891 1144 1097 1202 oblitteratum

85 1239 139 1295 est.
189 1235 288 1293 farreo
320 1235 351 1291 in
383 1253 505 1293 manum
535 1233 716 1294 conveniunt
745 1252 799 1310 per
826 1232 976 1310 quoddam
1003 1250 1097 1310 genus

86 1321 225 1384 sacrificii
252 1321 333 1399 quod
355 1322 421 1382 Iovi
444 1323 554 1382 Farreo
581 1322 631 1399 fit3
657 1323 690 1380 in
713 1341 771 1398 quo
794 1322 912 1381 famous
934 1321 1021 1398 panis
1044 1321 1095 1379 ad·

85 1412 220 1483 hibetur,
248 1410 325 1470 undo
353 1411 446 1470 etiam
468 1401 665 1471 confarreatio
689 1410 815 1488 dicitur,
847 1411 992 1487 conplura
1013 1427 1098 1486 prae-

84 1505 169 1559 terea
192 1499 282 1558 huius
304 1499 379 1557 iuris
403 1498 560 1558 ordinandi
582 1499 682 1577 gratia
699 1517 767 1557 cum
786 1499 876 1558 certis
896 1503 927 1558 et
945 1497 1097 1558 sollemni-

85 1589 142 1648 bus
156 1587 264 1666 verbis,
281 1587 488 1664 praesentibus
503 1588 604 1648 decem
617 1586 757 1666 testibus,
771 1591 903 1666 aguntur
917 1590 948 1648 et
961 1587 1040 1646 liunt
1054 1632 1096 1646 ...

85 1676 271 1753 coemptione
290 1695 360 1735 vero
379 1677 410 1734 in
427 1695 550 1735 manum
569 1676 749 1736 conveniunt
767 1695 821 1752 per
838 1676 1097 1753 mancipationem,

85 1765 116 1824 id
145 1769 191 1824 est
217 1785 270 1841 per
298 1764 449 1841 quandam
476 1765 682 1842 imaginariam
710 1764 927 1842 venditionem3
954 1784 1024 1823 nam
1047 1765 1098 1823 ad·

86 1853 189 1914 hibitis
207 1873 267 1914 non
285 1854 384 1912 minus
403 1873 493 1929 quam
506 1852 534 1911 V
549 1853 676 1912 testibus
692 1852 807 1912 civibus
823 1853 964 1912 Romanis
978 1853 1098 1930 puberi·

86 1943 157 2021 bus,
179 1943 253 2002 item
275 1942 455 2019 libripende,
479 1943 551 2001 emit
575 1943 601 2002 is
626 1941 790 2020 mulierem,
814 1942 898 2002 euius
921 1942 952 2000 in
975 1961 1098 2001 manum

87 2031 235 2092 convenit.
282 2034 382 2105 potest
409 2035 511 2090 autem
537 2032 753 2107 coemptionem
780 2033 878 2090 facere
907 2031 1016 2090 mulier
1038 2049 1099 2091 non

88 2121 184 2180 solum
212 2137 281 2178 cum
308 2119 416 2180 marito
444 2138 498 2179 suo
522 2121 573 2179 sed
597 2120 688 2179 etiam
710 2139 779 2178 oum
802 2124 956 2196 extrane03
984 2119 1099 2179 scilicet

88 2211 142 2270 aut
161 2207 343 2268 matrimonii
366 2227 457 2268 causa
474 2209 556 2268 facta
574 2208 721 2286 coemptio
741 2205 864 2286 dicitur,
887 2212 941 2269 aut
958 2209 1098 2286 fiduciae3

87 2315 164 2375 quae
193 2297 271 2355 enim
298 2315 366 2356 cum
392 2297 500 2357 marito
529 2316 583 2358 suo
606 2299 680 2357 facit
702 2299 932 2374 coemptionem,
959 2301 995 2357 ut
1018 2298 1099 2374 apud

85 2405 157 2444 eum
194 2385 272 2444 filiae
309 2385 374 2446 loco
413 2386 465 2458 sit,
502 2386 614 2446 dieitur
648 2387 832 2446 matrimonii
868 2405 959 2446 eausa
992 2387 1098 2446 fecisse

87 2473 316 2549 coemptionem3
340 2493 415 2550 quae
438 2493 509 2534 vero
531 2474 656 2533 alterius
674 2474 719 2533 rei
737 2493 827 2534 causa
844 2475 919 2533 facit
937 2475 1099 2550 coemptio·

86 2581 155 2622 nem
184 2573 238 2622 aut
265 2581 332 2621 cum
355 2562 420 2622 viro
444 2581 497 2621 suo
522 2567 575 2620 aut
597 2580 665 2620 cum
688 2563 843 2634 extraneo,
866 2562 961 2620 veluti
984 2563 1098 2621 tutelae

86 2651 247 2713 evitandae
258 2669 357 2726 causa,
372 2650 482 2708 dicitur
490 2649 617 2708 fiduciae
633 2667 723 2708 causa
737 2649 843 2708 fecisse
858 2644 1097 2726 coemptionem?

87 2786 112 2801 ..
129 2741 218 2800 etiam
242 2739 415 2799 testamenti
438 2739 565 2798 faciendi
588 2739 688 2815 gratia
709 2734 865 2797 fiduciaria
883 2737 919 2796 fit
937 2739 1099 2815 coempti03

87 2848 148 2889 non
161 2829 250 2888 aliter
263 2827 345 2888 euim
359 2827 486 2887 feminae
504 2827 677 2887 testamenti
695 2827 824 2886 faciendi
842 2827 891 2885 ius
909 2826 1029 2906 habent,
1050 2846 1098 2886 ex·

88 2919 182 2994 ceptis
206 2917 385 2996 quibusdam
406 2916 551 2993 personis,
574 2936 664 2994 quam
687 2917 713 2976 si
736 2915 953 2992 coemptionem
972 2915 1099 2976 fecerint

86 3007 366 3084 remancipataeque
381 3009 413 3066 et
425 3006 625 3066 manumissae
636 3005 758 3065 fuerint.
777 2999 863 3086 ‘<sed
880 3004 1101 3065 admonendum

88 3099 148 3173 est,
176 3095 317 3155 feminam
345 3113 419 3172 quae
447 3094 573 3154 fiduciae
602 3113 693 3156 causa
720 3114 787 3155 cum
817 3097 958 3155 extraneo
982 3111 1099 3172 coemp-

88 3184 204 3244 tionem
222 3185 336 3258 fecerit‚
355 3183 435 3244 filiae
456 3184 557 3244 locum
575 3185 655 3261 apud
672 3203 741 3243 eum
758 3203 817 3243 non
834 3184 910 3259 fieri,
934 3184 985 3242 sed
1002 3177 1101 3262 quae>

88 3273 214 3333 fiduciae
242 3291 333 3333 causa
360 3293 428 3333 cum
456 3273 521 3334 viro
545 3291 599 3331 suo
623 3273 727 3332 fecerit
750 3272 978 3348 coemptionem,
1005 3271 1100 3331 nihilo

88 3361 188 3422 minus
211 3361 290 3423 filiae
314 3363 378 3422 loco
402 3363 505 3437 incipit
527 3353 612 3420 esea'
660 3358 724 3420 Gai.
748 3351 989 3436 1‚108-115¹’.

179 3444 244 3511 54?
268 3445 337 3510 Gai.
355 3446 382 3522 1,
399 3443 566 3510 115b.-.
582 3494 588 3508 .
608 3444 636 3508 si
651 3443 780 3508 omnino
795 3443 938 3528 qualibet
952 3464 991 3507 ex
1005 3465 1102 3509 eausa

89 3555 172 3599 uxor
194 3534 227 3597 in
249 3556 347 3598 manu
366 3534 427 3598 viri
447 3533 499 3611 sit,
523 3532 646 3618 placuit
664 3555 735 3598 eam
754 3533 840 3598 filiae
859 3533 929 3598 iura
949 3533 1101 3599 nancisci.
