2506 3880
379 177 404 225 7.
425 171 464 227 11.
477 171 671 228 ANTISTIUS
688 171 808 228 LABEO
1053 173 1097 238 85

94 333 290 416 emptionem
312 334 537 418 venditionem,
559 336 755 400 loeatiouem
773 336 1027 421 oonduotiouem,
1050 359 1099 402 so

93 422 256 508 eietatem3
281 426 411 508 gestum
436 445 505 488 rem
533 424 717 524 siguifioare
744 426 814 490 siue
839 426 947 491 verbis
968 425 1098 491 factam.

503 587 612 648 Liber
632 587 687 648 IV.

92 696 166 762 ‘Pro
198 701 266 762 aliis
296 721 335 762 ue
363 703 530 780 postulent,
561 709 773 782 praeterquam
798 725 853 781 pro
880 709 1006 782 parente
1033 753 1098 784 ...,

407 793 501 851 fratre
523 810 638 868 sorore,
659 787 781 854 uxore'.

178 902 208 966 2.
241 897 322 966 Geli
339 902 391 984 13,
406 901 457 982 10,
470 903 501 968 3.
517 939 563 949 -
584 901 694 968 Labeo
714 904 877 968 Antistius
895 954 903 968 .
918 954 927 969 .
942 904 978 968 iu
994 905 1099 988 libris,

94 1012 174 1074 quos
197 989 238 1054 ad
260 991 420 1074 praetoris
443 991 583 1056 edietum
605 992 745 1076 scripsit,
768 993 873 1057 multa
894 993 1004 1076 posuit
1025 1015 1099 1076 par·

91 1081 150 1142 tim
173 1077 279 1162 lepide
301 1082 399 1164 atque
422 1083 536 1164 argute
557 1084 695 1164 reperta.
740 1081 836 1146 sicuti
858 1082 921 1147 hoe
943 1082 1099 1167 estquod

91 1167 123 1231 iu
152 1171 268 1251 quarto
296 1169 337 1232 ad
364 1167 504 1232 edietum
527 1169 611 1234 libro
634 1170 792 1253 seriptum
813 1169 968 1256 legimus:
994 1168 1100 1253 Soror,

91 1256 211 1339 inquit,
232 1257 388 1340 appellata
409 1262 461 1341 est,
482 1259 565 1339 quod
584 1260 676 1340 quusi
696 1279 832 1325 seorseam
853 1260 994 1325 uambae
1014 1279 1100 1341 sepu-

89 1351 235 1427 rutarqoe
264 1345 304 1410 ob
334 1367 371 1410 ea
401 1347 503 1430 dome,
531 1347 568 1411 io
597 1369 660 1430 pau
690 1353 769 1412 nota
798 1352 854 1431 est,
885 1353 915 1412 et
938 1349 975 1413 io
1000 1347 1100 1413 oliam

87 1433 246 1514 fomdiom
268 1436 501 1518 transprodibtr.

50 1585 56 1596 ·
176 1545 242 1605 Hoc
273 1546 475 1624 tegmentum
504 1547 552 1605 his
583 1545 669 1606 libris
701 1545 833 1606 dandum
860 1566 925 1609 esse
952 1548 1099 1621 existimo,

90 1634 170 1711 quod
196 1653 272 1712 quae
298 1634 398 1695 Labeo
429 1635 467 1694 de
499 1653 598 1695 sorore
626 1635 683 1714 ait,
710 1639 813 1712 aperte
840 1637 879 1695 ad
905 1655 1027 1696 manum
1052 1657 1099 1696 re-

89 1723 233 1799 spiciunt,
263 1742 340 1800 quae
370 1724 446 1783 iuris
475 1723 572 1784 uirilis
599 1728 654 1783 ast.
704 1723 768 1785 Gai
790 1725 806 1782 I
831 1727 903 1786 108.
951 1725 1098 1785 labeonis

87 1811 180 1872 verba
200 1806 247 1871 ‘in
269 1811 361 1871 aliam
382 1812 530 1871 familiam
546 1807 783 1890 transgreditur'
801 1814 900 1873 verbis
919 1812 986 1874 Gaii
1004 1815 1095 1873 1111

87 1901 135 1960 his
157 1901 362 1960 illustrantur:
386 1895 430 1960 ‘in
451 1901 597 1961 familiam
618 1901 677 1962 uiri
698 1895 868 1963 transibat'.

408 2061 459 2120 Ex
480 2061 634 2120 insertis
655 2061 773 2122 libris.

415 2176 463 2235 De
484 2175 630 2236 institoria
652 2179 770 2238 actione.

176 2285 206 2350 3.
222 2283 261 2348 D.
273 2285 324 2370 14,
334 2287 363 2368 3,
373 2285 403 2367 5,
411 2285 443 2349 2.
465 2283 624 2369 Ulpianus
638 2287 723 2352 libro
738 2288 912 2354 vicensimo
927 2292 1042 2354 octavo
1057 2288 1097 2352 ad

85 2371 230 2438 edietum
253 2371 303 2458 (P.
320 2372 424 2460 824⁶).
447 2411 490 2420 —
515 2373 622 2440 Labeo
645 2424 676 2441 ..
698 2376 839 2462 scripsit,
859 2377 888 2441 si
910 2378 983 2461 quis
1001 2398 1097 2460 pecu·

83 2461 149 2526 niis
163 2461 377 2546 faenerandis,
395 2462 483 2549 agris
497 2464 649 2548 ooleudis,
665 2466 855 2529 mercaturis
868 2465 1097 2548 redempturis-

84 2571 149 2634 que
172 2549 326 2634 iaciendis
349 2553 582 2636 praeposuerit,
605 2552 803 2617 insolidum
826 2574 900 2617 eum
921 2554 1034 2617 teneri.

176 2639 208 2704 4.
230 2637 270 2703 D.
288 2639 364 2704 ibid.
382 2641 504 2720 §7.-
520 2641 615 2708 ...si
632 2640 836 2704 tabernarius
856 2661 985 2704 servum
1003 2661 1097 2704 suum

83 2748 224 2813 peregre
243 2728 387 2792 mitteret
400 2729 441 2794 ad
460 2749 581 2794 meroes
596 2728 830 2812 comparandas
845 2731 878 2792 et
893 2727 955 2791 sibi
969 2727 1096 2791 mitten·

83 2815 161 2900 das,
184 2817 257 2881 loco
279 2816 440 2883 institoris
462 2817 645 2883 habendum
668 2815 776 2882 Labeo
800 2816 937 2901 scripsit.

176 2905 206 2970 5.
225 2903 265 2968 D.
279 2905 354 2970 ibid.
370 2908 433 2986 §8.
455 2943 499 2953 -
521 2906 613 2972 Idem
631 2907 687 2990 ait,
706 2907 734 2971 si
752 2905 949 2972 libitinarios
969 2926 1098 2970 servum

80 2993 316 3079 polliuetorem
337 2994 487 3060 habuerit
507 2996 600 3080 isque
619 3000 783 3060 mortuum
803 2995 1000 3080 spoliaverit,
1022 2993 1099 3057 dan·

81 3082 161 3146 dam
189 3083 225 3146 iu
252 3103 326 3146 eum
349 3084 442 3167 quasi
468 3084 665 3149 institoriam
689 3084 864 3167 actionem,
892 3083 1038 3168 quamvis
1066 3085 1099 3144 et

79 3170 166 3236 furti
190 3175 224 3235 et
246 3170 436 3236 iniuriarum
459 3173 543 3237 aetio
566 3177 772 3256 competeret.

177 3259 207 3325 6.
235 3258 275 3323 D.
292 3258 368 3324 ibid.
386 3261 451 3342 39.
472 3297 509 3308 -
533 3259 624 3326 Idem
644 3257 753 3324 Labeo
777 3259 835 3324 ait:
860 3260 890 3325 si
911 3267 980 3342 quo
997 3260 1099 3340 pistor
1120 3303 1122 3308 -

77 3367 207 3414 emam
238 3367 330 3412 saum
361 3350 469 3415 solitas
493 3350 559 3431 fuit
583 3351 619 3414 in
644 3353 758 3414 eertum
787 3349 885 3413 laeum
912 3349 1030 3413 mittere
1057 3350 1101 3415 od

73 3457 199 3518 ponem
226 3438 427 3518 vendendum,
457 3440 564 3504 dando
589 3437 773 3520 operaria
799 3440 919 3518 accepto
943 3439 1099 3518 praesedi

77 3527 124 3608 <a
151 3525 372 3610 qadwdom),
403 3533 439 3592 ut
461 3547 519 3609 per
547 3528 613 3592 dies
638 3526 774 3610 siopalos
801 3526 845 3590 eis
865 3545 982 3607 ponem
1005 3546 1097 3607 prae
