2512 3888
392 203 417 253 2.
442 195 628 253 MASURIUS
648 196 800 252 SABINUS
1037 195 1103 262 409

93 362 281 441 deferuntur,
305 363 433 424 secundo
457 365 493 425 de
515 365 625 442 legatis
649 356 811 445 (namhoc
833 364 910 425 libro
934 365 970 423 de
991 382 1103 441 penore

92 454 194 529 legato
222 451 336 514 dictum
359 471 423 513 esse
447 453 565 513 Gellius
588 454 808 531 4,1,21-23
832 453 940 531 tradit,
968 454 1048 531 qnod
1069 457 1106 513 ut

92 541 256 618 refelleret,
293 542 439 602 Affoltero
471 542 593 602 minime
625 534 780 623 contigit),
814 542 851 601 do
883 542 1032 618 personis,
1068 542 1105 603 de

93 629 337 710 obligationibus,
360 627 411 708 (de
429 631 521 690 furtis
540 633 571 691 et
589 631 626 690 de
644 631 790 705 aedilicio,
808 633 845 689 ut
862 630 989 705 videtur,
1008 631 1105 691 edicto

93 718 260 778 Masurium
282 719 338 780 hoc
360 720 440 779 libro
463 719 572 780 dixisse
595 720 674 780 idem
698 719 812 779 Gellius
838 721 888 796 11,
910 721 960 793 18,
975 722 1105 781 20-24

93 810 124 868 et
153 809 181 883 4,
202 809 230 885 2,
251 810 291 869 15
325 802 461 888 probat),
495 809 586 869 tertio
613 808 741 886 denique
769 807 846 867 libro
874 808 910 867 de
937 808 983 867 rei
1009 809 1105 869 vindi-

96 896 210 956 catione
247 899 279 958 et
314 899 351 958 de
382 898 482 958 rebus.
533 898 689 975 quaeritur
720 900 840 957 tantum
873 896 909 957 de
937 896 1108 974 fragmento

95 984 199 1044 Sabini
226 985 280 1046 illo
308 987 441 1047 eiusdem
470 985 560 1047 Gellii
586 986 759 1047 testimonio
784 987 922 1064 5,13,5
952 1005 988 1045 ex
1014 986 1106 1045 tertio

93 1073 171 1134 libro
200 1075 304 1150 petito,
334 1094 394 1153 quo
424 1076 460 1134 de
491 1075 597 1136 officiis
627 1075 711 1136 dixit
756 1075 848 1134 Lenel
882 1075 961 1134 enim
997 1095 1026 1151 p.
1066 1076 1107 1134 16

93 1163 150 1222 ait:
192 1157 296 1223 ‘Diese
329 1163 421 1224 Stelle
458 1164 514 1223 mit
546 1164 661 1242 einiger
692 1163 859 1223 Sioherheit
889 1164 922 1223 in
954 1162 1022 1224 dem
1045 1208 1053 1223 .
1073 1205 1108 1223 ..

95 1251 215 1328 System
237 1253 500 1330 nnterzubringen,
522 1253 565 1312 ist
586 1258 625 1312 in.
643 1253 679 1313 E.
696 1247 890 1331 unmoglich'.
932 1252 1014 1329 quod
1035 1271 1107 1312 vero

93 1340 215 1401 conicit:
248 1335 422 1401 ε111011010111
449 1341 560 1401 lxdnnte
588 1343 632 1402 sio
655 1341 709 1402 der
732 1341 828 1400 Lehre
851 1361 912 1401 von
934 1343 987 1401 der
1009 1341 1107 1418 Burg-

95 1429 204 1505 schsft,
222 1428 314 1488 deren
327 1428 536 1488 Uebemahme
555 1448 614 1491 von
632 1430 690 1490 den
705 1430 833 1490 Romem
852 1431 897 1490 als
912 1430 961 1490 ein
975 1430 1108 1490 officium

93 1516 263 1577 betrachtet
276 1517 389 1595 wurde,
398 1518 582 1578 znzuweisen
591 1513 676 1591 sein',
685 1519 802 1595 placere
812 1519 925 1597 nequit,
935 1537 1003 1579 oum
1012 1537 1109 1596 neque

95 1606 128 1664 in
141 1604 304 1683 fragmenti
317 1609 537 1683 argumentum,
553 1624 650 1682 neque
664 1606 696 1666 in
709 1627 812 1666 rerum
825 1607 960 1667 ordinem
974 1607 1110 1684 quadret

95 1694 262 1754 Masurium
294 1694 330 1755 de
363 1694 470 1755 officiis
502 1694 610 1754 dixisse
637 1695 779 1755 Karlowa
809 1696 826 1755 I
851 1716 880 1771 p.
905 1698 968 1757 689
999 1696 1110 1757 conicit

97 1783 146 1842 vol
178 1782 308 1842 tutelam
339 1784 388 1844 vel
409 1783 628 1860 postliminium
653 1784 859 1860 explicantem.
905 1784 959 1845 sed
990 1785 1108 1862 quide

97 1871 212 1932 tutelas
223 1871 320 1932 officio
331 1872 455 1948 cogitat,
465 1875 544 1932 certo
554 1871 580 1933 is
590 1873 709 1950 cogitur
718 1872 858 1946 iudicare,
868 1892 967 1934 errore
978 1873 1109 1934 Gellium

96 1960 175 2020 libro
189 1961 280 2021 tertio
294 1961 324 2020 id
335 1959 524 2038 adtribuisse,
534 1961 615 2038 qnod
624 1981 657 2021 ro
667 1981 739 2022 vera
750 1963 880 2022 seeundo
890 1963 967 2023 libro
979 1962 1109 2024 Sabinus

95 2050 299 2127 explicaverit.
329 2049 410 2128 quod
423 2050 503 2110 idem
519 2051 564 2111 vir
578 2050 768 2111 doctissimus
778 2053 907 2112 secundo
916 2052 982 2112 loco
992 2053 1110 2130 conicit,

96 2132 175 2198 ‘dass
192 2137 321 2200 Sabinus
340 2139 390 2199 bei
408 2139 461 2199 der
474 2139 669 2217 Darstellung
687 2141 740 2200 der
753 2140 1110 2219 Kriegsgefaugenschaft

93 2227 158 2287 und
176 2227 228 2287 des
246 2228 463 2304 postliminium
481 2247 530 2288 am
544 2228 664 2289 Sohluss
682 2228 734 2290 des
749 2228 857 2290 Werks
868 2231 930 2289 auf
942 2231 995 2292 das
1008 2231 1109 2307 hospi·

95 2316 176 2376 tium
205 2315 328 2394 einging
355 2317 418 2377 und
445 2318 578 2378 dsdurch
605 2338 659 2378 aur
685 2319 900 2396 Bespreohung
926 2320 979 2379 des
1007 2319 1109 2396 Raug-

94 2403 311 2466 verhtltnisses
342 2406 395 2466 der
426 2406 525 2466 officia
556 2407 679 2484 gefflhrt
706 2402 830 2485 wurde',
861 2427 962 2468 rernm
989 2408 1109 2487 quidem

96 2492 196 2553 ordini
223 2494 378 2574 explorato
402 2495 548 2555 convenit.
594 2498 627 2554 st
649 2495 746 2555 multo
768 2496 865 2573 magis
888 2497 1001 2576 placet,
1029 2497 1109 2574 quod

93 2581 233 2660 Krueger
261 2582 427 2660 proposuit,
457 2583 508 2659 qui
540 2583 653 2659 optimo
684 2582 751 2642 inre
774 2603 803 2659 p.
828 2585 891 2644 152
924 2584 1023 2645 docet:
1056 2579 1110 2644 ‘im

94 2670 210 2732 dritten
242 2672 328 2732 Bnch
360 2671 462 2732 wurde
493 2669 567 2730 tiber
598 2670 646 2730 die
678 2671 904 2750 Rangordnung
936 2672 999 2732 der
1028 2672 1109 2733 Bei-

96 2760 365 2837 standspflicht
391 2760 428 2819 in
455 2759 750 2820 Rechtshendeln
772 2753 978 2835 gesprochen'.
1023 2761 1109 2820 adin·

95 2853 200 2910 mento
219 2853 274 2928 est,
288 2850 369 2926 qnod
382 2849 549 2909 Masurium
565 2849 602 2908 de
617 2842 745 2909 ‘dierum
759 2848 973 2910 diffissionibus
994 2868 1110 2926 compe-

93 2939 352 2999 rendinationibns
373 2940 404 2998 et
421 2937 489 2998 aliis
507 2938 685 3014 quibusdam
703 2938 846 3016 legitimis
862 2931 980 2999 ritibus'
1001 2938 1110 2998 dixisse

95 3027 213 3089 Gellius
238 3030 288 3100 14,
304 3030 366 3104 2‚1
392 3028 466 3088 satis
488 3027 614 3106 indicat,
637 3047 735 3104 neque
759 3028 899 3088 dissentit
915 3027 1017 3105 Lenol,
1041 3046 1111 3087 cnm

94 3137 126 3194 p.
147 3119 187 3178 85
211 3116 378 3176 Masurium
402 3115 438 3176 de
461 3115 538 3192 legis
561 3117 678 3178 actione
701 3122 896 3195 sacramento,
920 3116 956 3176 de
979 3117 1112 3177 formula

94 3206 249 3284 petitoria,
267 3205 304 3266 de
321 3205 429 3265 iudicis
448 3204 569 3264 datione
588 3208 620 3265 et
634 3206 670 3265 do
684 3205 996 3283 comperendinatione
1011 3206 1111 3290 egisse

93 3295 215 3356 conicit
269 3294 372 3372 itaque
410 3294 447 3352 de
482 3293 603 3369 patroni
639 3313 758 3371 quoque
792 3294 889 3355 officio
921 3313 981 3354 non
1011 3295 1111 3355 dicere

92 3384 263 3444 Massurium
286 3383 337 3445 vix
357 3381 492 3460 potuisse
515 3385 648 3459 apparet.

188 3471 232 3532 De
265 3471 392 3548 singulis
422 3471 513 3531 rebus
545 3471 576 3530 in
605 3471 782 3550 fragmentis
809 3471 883 3549 ipsis
909 3473 1112 3551 proponendis

90 3561 218 3622 dicetur.
