2506 3880
153 173 194 238 98
231 176 251 228 I.
276 173 429 228 AETATIS
450 171 610 236 AUGUSTI
633 171 679 226 ΕΤ
701 171 837 226 TIBERII
859 172 956 228 IURIS
980 172 1164 230 CONSULTI

309 367 365 442 ραι·
387 371 445 428 cist
462 387 519 443 pro
543 369 626 428 certis
643 369 778 442 personis
800 384 836 427 ac
852 369 1006 442 postulent.

244 487 295 552 14.
324 485 360 550 D.
375 487 405 566 3,
419 487 449 570 2,
463 489 493 570 2,
507 487 536 553 5.
569 487 730 570 Ulpianus
748 487 832 552 libro
852 489 942 552 sexto
962 486 1002 552 ad
1021 487 1167 552 edictum

154 573 203 658 (P.
218 571 321 662 279⁸).
345 613 387 622 —
411 577 469 640 Ait
496 580 640 659 praetor:
669 574 736 661 ‘qui
763 577 797 640 in
823 597 969 640 scaenam
995 575 1169 658 prodierit'

155 663 299 749 [infamis
323 666 396 746 est].
437 685 547 730 scaena
569 669 620 748 est,
643 668 679 728 nt
701 664 810 730 Labeo
834 664 955 747 definit,
977 685 1053 746 qaae
1077 663 1165 731 lado-

153 773 225 817 ram
244 752 457 834 faciendorum
479 775 575 819 caasa
597 753 729 836 quotibet
751 753 825 837 ioco,
849 753 904 819 aar·
925 754 995 836 pais
1017 755 1169 820 consistat

153 847 365 924 monenturque
392 843 596 924 spectaculum
622 843 673 907 sai
695 842 906 926 praebitores,
931 842 1036 924 posita
1062 843 1105 907 sit
1132 845 1169 908 ta

146 931 271 1014 patttoo
300 933 455 1014 privatave
486 932 532 996 oet
562 933 597 996 ta
628 932 707 1013 oica,
738 952 797 1014 qao
827 936 928 996 tamea
956 931 1018 996 loco
1039 933 1167 1012 passim

154 1019 291 1084 homines
313 1019 475 1102 spectaculi
497 1040 592 1085 caasa
615 1021 829 1084 caminatae.

244 1108 294 1174 15.
325 1107 365 1174 D.
380 1109 409 1190 3,
423 1110 454 1192 2,
471 1109 538 1192 4,4
562 1139 603 1162 =
627 1108 680 1190 47,
697 1107 747 1191 15,
764 1111 839 1194 lpr.
888 1108 1048 1192 Ulpianus
1078 1109 1166 1174 libro

154 1201 244 1262 sexto
260 1195 300 1262 ad
316 1195 453 1262 edictum
465 1194 513 1285 (P.
524 1195 933 1282 281⁸).-Praeraricat0r
1006 1199 1056 1261 est
1070 1199 1167 1282 quasi
1248 1263 1249 1268 ,

153 1286 323 1367 varicator,
347 1287 402 1370 qui
426 1286 586 1351 diversam
609 1289 736 1369 partem
760 1286 893 1350 adiuvat
915 1285 1045 1370 prodita
1066 1308 1167 1352 causa
1248 1277 1249 1308 ¹

154 1396 225 1439 sua:
258 1375 344 1459 quod
373 1397 490 1440 nomen
517 1373 627 1440 Labeo
656 1397 675 1438 a
701 1374 792 1440 varia
819 1375 997 1440 certatione
1024 1378 1168 1440 tractum
1248 1399 1249 1412 ¹

155 1465 209 1545 ait,
232 1464 386 1548 namqui
410 1463 659 1547 praevaricatur,
682 1485 721 1528 ex
743 1469 881 1548 atraque
904 1469 995 1548 parte
1017 1462 1169 1529 constitit

155 1552 369 1636 [quinimmo
395 1574 436 1618 er
457 1553 591 1617 adversa
614 1549 792 1637 (altera?)].

245 1665 283 1727 ef.
306 1683 397 1740 supra
419 1686 447 1741 p.
469 1667 518 1725 63.

244 1775 293 1839 16.
326 1773 365 1839 Ι).
380 1775 410 1853 3,
424 1774 455 1858 2,
469 1775 499 1839 8.
543 1772 703 1858 Ulpianus
730 1773 815 1839 libro
845 1777 936 1838 sexto
960 1773 1001 1838 ad
1024 1773 1168 1839 edietum

153 1860 203 1951 (P.
226 1860 328 1950 284²).
359 1900 403 1909 -
435 1861 586 1928 ‘Genero’
625 1863 733 1948 inquit
764 1861 928 1928 ‘mortuo'z
1046 1863 1169 1929 adiecit

153 1956 297 2036 praetor:
326 1951 410 2016 ‘oum
438 1973 511 2016 enm
540 1955 703 2016 mortuum
732 1972 802 2016 esse
830 1950 936 2016 sciret'
1037 1952 1170 2037 sipost

152 2040 336 2123 legitimum
364 2043 492 2123 tempus
521 2036 655 2124 (luctus)
684 2039 849 2124 cognovit,
877 2039 985 2105 Labeo
1018 2041 1065 2105 ait
1093 2042 1168 2124 ipsa

155 2127 206 2191 die
230 2131 263 2191 et
286 2149 410 2192 sumere
434 2149 506 2192 eam
527 2127 680 2211 lugubria
703 2132 736 2192 et
758 2128 927 2214 deponere.

190 2391 192 2396 Ι
294 2309 341 2368 De
362 2310 550 2369 vadimoniis:
572 2312 599 2370 st
621 2327 654 2369 ecc
676 2311 777 2371 cocali
798 2329 889 2372 caasa
911 2315 1026 2386 apator.

245 2429 295 2494 11.
313 2427 353 2495 D.
364 2429 394 2512 2,
404 2428 434 2512 9,
445 2429 472 2512 1,
486 2429 513 2492 1.
544 2427 702 2515 Ulpianus
715 2430 799 2495 libro
814 2431 952 2514 septimo
967 2429 1009 2495 ad
1023 2429 1168 2497 edictum

155 2514 202 2604 (P.
218 2516 307 2604 295).
332 2555 373 2564 -
398 2517 448 2582 ‘In
477 2517 586 2583 eadem
611 2517 718 2583 causa’
743 2518 819 2603 qnid
843 2519 899 2602 sit,
926 2519 1094 2584 videamus

156 2607 184 2671 si
215 2607 340 2672 desinat
372 2629 483 2672 servus
513 2629 584 2673 esse
617 2608 823 2693 promissoris
850 2608 901 2672 vel
930 2607 1014 2672 actio
1042 2608 1169 2674 amissa

156 2697 207 2778 sit,
230 2718 295 2761 non
318 2696 420 2761 videri
443 2697 476 2761 in
501 2697 611 2761 eadem
635 2718 733 2762 cansa
756 2700 877 2761 statum
898 2695 1007 2762 Labeo
1031 2697 1090 2761 ait:
1114 2698 1168 2762 vel

156 2785 183 2849 si
202 2785 257 2869 qui
275 2785 346 2868 pari
364 2786 437 2850 loco
458 2785 574 2851 eratin
588 2785 756 2871 litigando,
775 2786 882 2868 coepit
896 2806 965 2850 esse
979 2786 1012 2848 in
1027 2784 1168 2869 duriore,

154 2875 205 2937 vel
227 2873 300 2939 loeo
323 2875 375 2938 vel
397 2894 534 2956 persona
556 2878 698 2957 mutata3
721 2875 830 2958 itaque
854 2874 882 2938 si
905 2874 976 2958 qais
1000 2873 1030 2937 ei
1053 2875 1168 2959 quiin

152 2961 224 3027 foro
256 2961 461 3044 promissoris
495 2961 659 3026 conveniri
691 2983 757 3027 non
788 2966 897 3046 potest
928 2961 1077 3027 venditus
1109 2968 1169 3028 aut

155 3049 332 3133 potentiori
351 3049 517 3134 datus'sit,
539 3050 644 3135 magis
663 3071 734 3115 esse
752 3055 857 3135 putat,
879 3054 1000 3115 utnon
1018 3052 1170 3116 videatur

155 3141 189 3202 in
213 3136 323 3203 eadem
347 3159 444 3203 eausa
467 3139 547 3203 sisti.

231 3320 352 3394 Quando
374 3322 542 3381 vadimonia
564 3324 812 3396 receperatcribae
833 3324 989 3397 supposta
1010 3324 1093 3395 fiant.

246 3439 295 3504 18.
334 3438 372 3504 D.
387 3439 440 3518 50,
462 3440 513 3525 16,
533 3440 574 3505 14
584 3463 631 3524 pr.
681 3441 801 3506 Paulus
834 3441 919 3506 libro
953 3441 1090 3525 septimo
1125 3441 1169 3506 ad

160 3523 299 3589 edictum
322 3527 372 3613 (P.
390 3524 477 3614 159).
500 3565 542 3575 -
565 3527 674 3596 Labeo
698 3535 732 3594 et
754 3529 893 3596 Sabinus
917 3531 1114 3616 existimant,
1140 3531 1172 3597 si
