2568 3890
150 138 216 202 232
252 140 273 194 Ι.
299 137 452 192 AETATIS
471 137 629 194 AUGUSTI
646 138 693 192 ET
712 137 847 194 TIBERII
865 137 961 193 IURIS
979 137 1163 195 CONSULTI

236 301 287 366 51.
321 299 360 366 D.
384 301 436 382 48,
456 300 486 385 5,
506 302 549 366 24
563 324 610 385 pr.
665 301 827 386 Ulpianus
863 302 946 367 libro
979 303 1086 386 primo
1119 304 1160 368 de

148 389 313 455 adulteriis
330 390 381 472 (P.
392 387 502 476 1941).
515 426 553 436 —
566 443 573 456 .
585 439 609 457 ..
625 391 671 454 ait
684 391 735 454 lex
751 391 808 473 (so.
823 389 907 455 Iulia
921 392 959 455 de
974 391 1158 477 adulteriis)

34 533 35 536 ,
146 479 192 542 ‘in
219 479 287 543 filia
315 479 496 544 adulterum
520 479 777 562 deprehenderit'
876 480 980 546 voluit
1002 481 1087 544 enim
1111 483 1158 546 ita

147 567 274 632 demum
301 568 386 633 hano
412 571 609 651 potestatem
636 567 723 653 patri
751 572 944 653 competere,
973 570 1001 634 si
1029 570 1063 633 in
1086 569 1158 654 ipsa

147 656 346 740 turpitudine
369 657 470 721 filiam
491 656 543 734 [de
567 657 723 721 adulterio
732 656 761 738 ?]
783 658 1009 743 deprehendat.
1047 658 1157 724 Labeo

148 767 274 831 quoque
298 745 346 810 ita
368 747 495 830 probat.

464 911 511 970 De
533 912 677 970 domtaloo
692 915 839 986 potestate.

513 1026 557 1081 De
575 1028 698 1081 libertate
716 1029 791 1082 dato.

236 1127 288 1194 52.
304 1127 348 1191 D.
358 1128 411 1210 40,
420 1128 451 1205 4,
461 1129 513 1208 41,
523 1129 552 1190 2.
582 1126 672 1192 Idem
689 1125 747 1214 (so.
760 1125 974 1214 Pomponius)
988 1128 1072 1193 libro
1088 1151 1160 1214 sep-

146 1217 228 1282 timo
261 1239 300 1280 ex
327 1216 454 1280 Plautio
488 1214 536 1302 (P.
560 1212 662 1301 3550).
688 1253 726 1264 -
756 1217 865 1282 Labeo
898 1216 1023 1300 scribit,
1056 1218 1085 1281 si
1113 1219 1160 1284 sia

147 1306 282 1370 libertas
310 1305 425 1370 relicta
454 1304 510 1369 sit:
538 1302 680 1370 ‘Stichus
708 1308 795 1370 intra
824 1328 957 1388 annum,
985 1309 1159 1390 postquam

147 1399 293 1460 mortuus
326 1416 394 1472 ero,
427 1393 509 1458 liber
541 1393 632 1478 esto',
665 1395 776 1460 statim
807 1417 880 1459 eum
907 1394 1046 1459 liberum
1075 1416 1159 1478 esse3
1270 1398 1273 1400 ’

146 1506 222 1548 nam
251 1487 283 1547 et
311 1484 338 1546 si
366 1483 413 1546 ita
440 1483 497 1547 sit:
531 1483 569 1547 ‘si
601 1484 688 1549 intra
716 1505 835 1548 annum
863 1483 1020 1548 decimum
1047 1483 1160 1548 heredi

147 1594 218 1637 meo
242 1571 374 1654 dederit,
396 1571 479 1635 liber
497 1571 589 1657 esto',
607 1572 718 1636 statim
739 1571 891 1638 solvendo
911 1570 1000 1636 enon1
1020 1572 1159 1637 liberum

148 1683 217 1726 esse
241 1660 309 1724 sine
333 1681 424 1724 mora
447 1659 600 1725 futurum.

121 1774 126 1786 ·
237 1750 290 1815 53.
304 1747 406 1832 Ι).4Ο,
417 1750 445 1831 7,
456 1750 549 1832 3,11.
575 1748 664 1813 Idem
676 1746 735 1835 (so.
745 1747 918 1836 Ulpianus)
929 1749 1014 1812 libro
1025 1750 1158 1814 vicensi·
1280 1793 1282 1802 ι

149 1861 202 1904 mo
227 1839 364 1921 septimo
388 1837 428 1901 ad
452 1836 606 1902 Sabinum
630 1837 679 1921 (P.
698 1835 810 1924 2697).
828 1873 872 1885 -
894 1836 929 1902 si
952 1839 1024 1922 quis
1047 1837 1160 1903 heredi

146 1927 182 1991 in
220 1926 331 1990 diebus
368 1927 506 2011 triginta
541 1927 697 2010 proximis
736 1928 850 1991 mortis
882 1927 1049 1992 testatoris
1082 1927 1159 1992 dare

146 2015 253 2079 iussus
281 2013 393 2096 fuerit,
420 2015 533 2079 deinde
560 2016 653 2079 heres
680 2015 804 2080 tardius
830 2015 958 2097 adierit,
986 2015 1184 2081 TrebatIus·

148 2107 180 2167 et
202 2101 325 2186 Labeo,
354 2107 382 2166 si
409 2102 477 2166 sine
504 2103 579 2170 dolo
607 2104 693 2169 malo
722 2104 845 2169 tardius
869 2104 998 2188 adierit,
1027 2105 1158 2170 dantem

149 2213 223 2256 eum
253 2192 340 2255 intra
373 2190 441 2254 dies
473 2193 610 2277 triginta
641 2193 747 2257 aditae
779 2193 966 2258 hereditatis
995 2194 1035 2258 ad
1064 2193 1158 2259 liber-

148 2285 249 2345 tatem
272 2279 448 2364 pervenire.

238 2368 289 2434 54.
327 2367 365 2434 D.
394 2368 449 2452 33,
469 2370 504 2452 8,
524 2370 558 2453 8,
577 2370 607 2435 5.
662 2368 822 2454 Ulpianus
859 2371 944 2435 libro
981 2370 1159 2437 vicensimo

148 2459 261 2542 quinto
277 2458 317 2522 ad
332 2455 487 2522 Sabinum
502 2454 551 2543 (P.
561 2456 688 2546 268012).
703 2496 745 2506 -
818 2461 992 2544 quaeritur,
1007 2461 1035 2524 si
1050 2482 1159 2526 servus

149 2569 222 2613 curn
258 2547 389 2613 domino
426 2547 464 2612 de
501 2547 651 2613 libertate
688 2553 802 2632 paetus
839 2549 938 2613 fuerit
970 2554 1003 2612 et
1034 2553 1159 2633 partem

147 2636 302 2722 pecuniae
327 2636 450 2700 dederit
473 2640 506 2701 et
526 2642 600 2702 ante
620 2659 715 2722 quam
734 2638 897 2703 residuum
917 2637 1041 2702 dederit
1059 2638 1159 2703 domi·

147 2748 209 2790 nus
247 2725 420 2791 decesserit
455 2726 654 2811 liberumque
691 2748 761 2791 esse
796 2731 991 2792 testamento
1029 2726 1160 2791 iusserit

147 2837 220 2880 eum
239 2815 364 2898 peculio
384 2814 503 2900 legato,
527 2837 568 2879 an
587 2815 671 2899 quod
691 2815 821 2880 domino
841 2815 964 2880 dederit
982 2817 1016 2880 in
1035 2815 1159 2898 peculio

148 2904 191 2968 sit
217 2901 451 2987 imputandum.
501 2907 534 2966 et
567 2903 613 2966 ait
640 2902 750 2968 Labeo
779 2903 817 2968 de
845 2905 969 2989 peculio
999 2904 1161 2969 decedere.

536 3076 580 3131 De
598 3079 773 3134 statulaberts.

238 3178 290 3243 55.
322 3176 361 3242 D.
384 3177 441 3260 40,
463 3177 570 3260 7‚29,
592 3178 619 3241 1.
682 3176 879 3261 Pomponius
921 3180 1004 3244 libro
1046 3183 1160 3244 octavo

149 3269 273 3332 decimo
309 3266 349 3330 ad
382 3265 536 3342 Quintum
570 3265 712 3331 Mucium
746 3264 795 3352 (P.
824 3265 913 3355 275).
949 3303 987 3314 -
1022 3267 1161 3344 Quintus

148 3353 273 3420 Mucius
298 3355 422 3420 scribit:
445 3355 697 3439 paterfamilias
716 3357 750 3420 in
769 3361 968 3423 testamento
988 3359 1163 3440 scripserat

221 3515 235 3561 1
257 3510 303 3565 Fr.
324 3527 364 3565 eo.
