2568 3890
162 181 227 246 aaa
263 181 284 236 1.
305 153 459 236 sarnus
477 179 637 237 sucossi
655 181 702 235 nr
721 179 970 238 unsaramma
989 180 1173 238 cousuarr

161 366 289 428 usuros,
317 365 419 427 nsque
447 344 575 430 argenti
602 345 635 412 in
665 344 813 411 convivio
842 346 917 430 plus
939 345 1048 428 pondo
1072 367 1171 430 quam

159 433 260 498 libras
283 437 411 497 centum
433 433 603 498 inlaturos.

250 523 279 587 7.
302 521 383 586 Gell.
402 522 433 604 2,
447 523 500 606 24,
516 521 567 588 15.
585 559 628 570 -
646 521 729 587 Esse
748 569 799 586 ...
817 521 898 586 dicit
918 519 1035 606 Capito
1054 522 1171 588 Ateius

162 611 310 694 edictum,
333 610 439 674 divine
457 610 601 694 Augusti
624 633 664 676 an
689 610 810 676 Tiberii
829 609 976 676 Caesaris
999 632 1066 676 uon
1090 613 1171 677 satis

160 700 373 778 commemini,
394 721 457 784 quo
477 698 560 765 edict
546 705 580 765 to
599 722 658 785 per
676 701 798 764 dierum
813 701 926 766 varias
932 700 1171 766 sollemnitates

161 811 179 853 a
206 789 359 854 trecentis
388 795 454 852 sest
440 789 545 854 tertiis
576 789 718 874 adusque
746 789 809 854 duo
840 790 990 854 sestertia
1022 793 1172 874 sumptus

160 899 310 942 cenarum
331 882 491 962 propagat
492 899 530 942 us
545 882 608 961 cst,
629 883 666 943 ut
652 877 735 941 this
755 878 868 942 saltem
887 879 1006 944 finibus
1024 878 1172 944 luxuriae

159 965 378 1031 effervescent'
355 969 397 1030 trs
420 970 529 1031 aestus
552 929 760 1032 coerceretur

246 1078 315 1138 Non
348 1078 410 1137 sine
437 1079 553 1138 ratione
581 1079 663 1138 Ioers
683 1079 706 1138 l.
724 1097 748 1137 c.
773 1099 802 1154 p.
822 1079 973 1138 190510
956 1079 1039 1138 otum
1068 1081 1170 1158 caput,

159 1167 239 1245 quod
267 1165 381 1234 Gellius
414 1168 444 1243 2,
464 1168 505 1225 24
539 1167 575 1226 de
605 1167 724 1245 legibus
762 1166 954 1242 sumptuariis
984 1167 1171 1246 conscripsit,

158 1253 312 1332 Capitonis
334 1256 461 1315 fortasse
483 1255 561 1316 libro
581 1251 687 1316 deberi
710 1256 828 1316 conicit.

355 1431 489 1489 Eiusdem
507 1433 599 1504 operis
618 1433 748 1490 videntur
766 1450 839 1503 quae
858 1433 973 1490 subieci.

247 1545 276 1611 8.
309 1543 455 1609 Frontiu.
483 1543 521 1608 de
550 1545 641 1628 aquis
668 1545 720 1609 97.
748 1581 792 1592 -
825 1544 955 1622 Quanto
984 1565 1084 1629 opere
1108 1595 1115 1609 .
1135 1595 1169 1610 ..

157 1655 252 1699 curae
275 1634 383 1715 fucrit,
404 1655 444 1697 ne
467 1634 540 1718 quis
559 1635 681 1699 violare
700 1633 815 1700 ductus
835 1655 991 1719 squamae
1009 1655 1075 1698 non
1092 1655 1167 1698 cou-

155 1744 279 1788 eessam
300 1723 445 1789 derivare
459 1722 600 1806 auderet,
618 1745 690 1789 cum
706 1745 744 1788 ex
758 1722 869 1788 multis
882 1743 1038 1807 apparere
1052 1725 1170 1806 potest,

84 1897 86 1900 Ι
156 1817 227 1877 tum
248 1817 282 1877 et
299 1834 338 1877 ex
355 1811 426 1895 hcc,
449 1812 534 1896 quod
552 1813 654 1877 circus
675 1811 832 1877 maximus
850 1832 892 1877 ne
910 1811 1022 1876 diebus
1041 1811 1169 1895 quidem

157 1900 306 1965 ludorum
335 1901 524 1965 circensium
552 1901 616 1964 nisi
645 1901 794 1965 aedilium
823 1906 881 1965 aut
906 1921 1074 1965 censorum
1097 1921 1167 1983 per·

157 1990 259 2052 missu
282 1989 491 2073 irrigabatur,
514 1989 599 2072 quod
627 1989 758 2054 durasse
785 1991 897 2074 etiam,
919 1993 1093 2075 postquam
1115 2011 1167 2055 res

89 2077 93 2083 ’
157 2076 198 2140 ad
219 2081 384 2141 curatores
408 2077 538 2140 transiit
556 2079 616 2140 sub
635 2078 795 2161 Augusto,
819 2079 903 2163 apud
921 2079 1053 2143 Ateium
1072 2075 1167 2162 Capi·

154 2167 267 2230 torrem
289 2166 436 2248 legimus.

245 2275 420 2352 Capitonem
443 2275 479 2335 de
503 2275 589 2353 aquis
611 2276 768 2354 scripsisse
791 2280 906 2338 certum
928 2281 988 2356 est,
1018 2280 1070 2339 sed
1093 2299 1165 2338 num

155 2365 308 2443 singulare
332 2366 368 2424 de
390 2383 428 2424 ¹ea
449 2384 482 2424 re
501 2383 575 2442 opus
600 2365 740 2444 ediderit,
761 2367 837 2426 nihil
859 2371 988 2427 constat.

244 2476 274 2541 9.
306 2473 387 2540 Gell.
405 2474 459 2558 20,
473 2476 505 2561 2,
519 2476 547 2541 3.
577 2512 619 2523 -
646 2474 716 2542 Nos
816 2476 850 2541 iu
878 2473 1048 2560 Capitonis
1077 2477 1164 2542 Ateii

155 2561 377 2630 Coniectaneis
405 2565 585 2632 invenimus
614 2565 755 2631 siticiues
779 2566 974 2651 appellatos,
1002 2566 1056 2650 qui
1080 2566 1165 2650 apud

156 2653 237 2719 sitos
270 2674 382 2720 canere
415 2654 503 2718 soliti
535 2659 657 2738 esseut,
693 2654 756 2720 hoc
789 2659 838 2719 cst
872 2654 940 2719 vita
970 2653 1098 2719 functos
1133 2658 1166 2719 et

155 2744 313 2828 sepultos,
337 2763 454 2826 eosque
476 2743 630 2808 habuisse
653 2743 820 2828 proprium
844 2763 945 2830 genus
968 2742 1074 2826 tubae,
1100 2764 1165 2827 qua

153 2835 317 2913 cancrent,
342 2853 360 2894 a
383 2835 562 2896 ceterorum
585 2833 763 2897 tubicinum
787 2833 945 2897 differens.

245 2921 294 2986 10.
314 2919 740 3005 Plin.h.n.18,11,28.-
758 2919 1007 2986 Certum...fit
1026 2918 1163 3006 (sopis-

153 3012 242 3074 tores
270 3007 392 3073 Romae
425 3029 491 3072 non
518 3006 617 3072 fuisse
647 3008 686 3072 ad
714 3008 877 3073 Persicum
905 3030 1006 3092 usque
1033 3009 1165 3094 bellum,

95 3133 97 3137 ι
153 3098 306 3182 ipsosque
326 3096 477 3175 Quirites,
500 3096 650 3162 mulieres
674 3101 734 3182 put
735 3119 762 3180 a,
784 3118 903 3182 panem
922 3095 1051 3183 fecisse)
1075 3098 1164 3163 Ateii

153 3183 322 3271 Capitonis
366 3185 539 3338 sonantia,
581 3207 675 3251 cocos
710 3191 781 3249 tum
817 3207 935 3270 panem
970 3185 1163 3251 lautioribus

153 3296 288 3358 coquere
312 3275 388 3340 solit
374 3279 436 3357 t‚os
458 3274 524 3358 pist
527 3277 698 3359 orasquet
700 3279 812 3339 antum
835 3295 905 3359 eos,
928 3275 984 3360 qui
1005 3274 1057 3340 far
1080 3275 1163 3360 pise·

152 3363 245 3445 bant,
267 3325 462 3428 nominatds

243 3454 293 3517 11.
317 3450 445 3517 Sueton.
464 3451 503 3516 dc
522 3473 658 3536 gramm.
676 3454 779 3518 10.-
797 3451 830 3516 In
844 3451 958 3516 Ateius
971 3449 1163 3606 Philologus

152 3537 323 3604 libertinus
355 3539 494 3604 Athenis
531 3544 582 3605 cst
618 3545 675 3606 nat
676 3564 722 3606 us.
776 3541 861 3606 hunc
897 3536 1076 3624 CapitoA
1078 3540 1163 3606 teins
