2550 3888
411 168 435 216 1.
457 160 495 216 M.
511 159 703 217 ANTISTIUS
720 161 841 217 LABEO
1089 162 1131 226 11

48 341 53 352 ·
116 324 285 388 .‘secederet
316 331 347 388 et
377 329 597 390 conscribendis
628 330 714 390 libris
747 350 869 406 operam
902 326 998 390 daret'
1029 325 1131 411 (Pom-

10 421 11 428 ³
122 412 339 498 1111111111).

9 513 10 570 ἶ
207 507 387 582 Exemplum
417 511 543 582 epatre
567 508 672 567 datum
694 510 816 568 secutus
838 509 923 568 nulla
940 509 999 568 nisi
1016 509 1129 568 liberae

120 595 163 655 rei
182 595 320 672 publicae
339 595 480 655 instituta
502 616 556 672 pro
575 596 719 672 legitimis
738 591 853 656 habuit.
887 599 1003 676 itaque
1021 597 1129 658 Ateius

122 684 227 760 Capito
251 684 288 742 de
310 683 449 744 Labeone
478 687 547 761 post
577 687 641 744 eius
664 690 792 744 mortem
815 687 962 746 disserens
985 687 1030 746 ita
1052 687 1129 746 iudi·

120 773 199 834 cavit
214 765 489 855 ((1111.13,12,2);
509 768 658 852 ‘agitabat
676 775 825 834 bominem
841 771 965 834 libertas
980 776 1128 852 quaedam

119 862 210 921 nimia
241 865 332 938 atque
365 881 480 938 vecors,
511 865 668 941 tamquam
695 882 799 923 corum
829 856 884 944 (s'o.
907 864 1010 940 legum
1037 867 1128 942 atque

118 969 236 1011 morum
267 951 373 1027 populi
400 946 551 1031 Romani),
585 952 653 1013 divo
681 953 820 1031 Augusto
848 953 910 1037 iam
929 953 1069 1029 principa
1097 956 1129 1013 11

118 1058 180 1098 rem
208 1039 359 1114 publicam
386 1040 551 1113 obtinente,
582 1044 685 1116 ratum
712 1045 814 1100 tamen
839 1060 1025 1118 pensumque
1052 1041 1129 1101 nihil

117 1128 255 1206 haberet,
282 1125 347 1188 nisi
367 1129 447 1204 quod
474 1129 590 1189 iussum
616 1133 812 1207 sanctumque
840 1149 903 1189 esse
930 1130 963 1189 in
985 1130 1126 1190 Romanis

118 1217 352 1294 antiquitatibus
369 1212 515 1294 legisset'.
556 1220 703 1296 quomodo
721 1237 769 1278 res
788 1219 924 1295 publicas
942 1220 1127 1298 tractaverit,

35 1297 39 1304 ’
118 1304 225 1381 Capito
248 1307 382 1381 exemplo
404 1306 582 1377 illustravit,
606 1308 642 1366 de
665 1327 723 1384 quo
747 1308 827 1366 infra
848 1308 1018 1368 videndum.

208 1389 373 1454 ‘Antistius
396 1394 496 1455 Labeo
529 1399 651 1467 senatus
679 1396 821 1475 lectione,
854 1416 922 1456 cum
950 1396 998 1457 vir
1024 1397 1125 1458 virum

117 1484 246 1561 legeret,
278 1484 318 1543 Μ.
342 1483 489 1560 Lepidum
515 1486 633 1545 hostem
660 1487 731 1544 olim
747 1486 824 1545 'eius
846 1477 901 1567 (sc.
920 1480 1068 1564 Augusti)
1093 1489 1124 1545 et
1172 1490 1175 1512 ¹

117 1575 188 1631 tnnc
216 1572 387 1632 exulantem
413 1574 501 1651 legit,
533 1574 797 1653 interrogatusque
826 1577 863 1634 ab
892 1595 927 1635 eo
955 1595 994 1634 en
1022 1580 1123 1638 essent

117 1661 170 1719 alii
193 1660 352 1740 digniores,
376 1681 465 1722 suum
488 1682 636 1740 quemque
654 1664 799 1723 iudicium
817 1663 927 1722 babere
946 1658 1123 1740 respondit'.

117 1748 199 1812 Suet.
221 1749 300 1828 Aug.
321 1752 370 1811 54.
416 1755 452 1810 cf.
477 1750 558 1811 Cass.
582 1752 639 1811 Dio
664 1754 714 1828 54,
738 1753 788 1813 15.

141 1855 144 1863 ·
204 1839 248 1897 111
272 1834 421 1899 Labeonis
444 1840 580 1899 doctrina
607 1841 671 1916 ipse
694 1838 814 1918 Capito,
840 1859 1023 1915 quamquam
1045 1841 1126 1899 inter

116 1946 167 1987 eos
190 1927 351 1988 aemulatio
374 1948 409 1987 ac
432 1929 570 1990 simultas
591 1929 811 2012 intercedebat,
826 1948 887 1988 non
905 1929 1025 1988 dubitat
1038 1949 1133 2008 prae·

116 2017 215 2076 dicare
234 2016 321 2075 illum
344 2011 458 2095 ‘legum
479 2020 568 2095 atque
587 2037 704 2079 morum
722 2019 827 2095 populi
845 2017 972 2077 Romani
990 2019 1124 2096 iurisque

116 2105 211 2166 civilis
240 2106 362 2165 doctum
389 2106 522 2182 adprime
544 2101 651 2167 fuisse'
673 2099 976 2189 (eell.13,1a,1).
1019 2108 1123 2168 ambos

116 2194 238 2254 Tacitus
262 2197 439 2270 11113,Ἱὸ
463 2190 534 2256 ‘duo
557 2197 640 2272 pacis
663 2190 781 2256 decora'
810 2197 944 2272 appellat
969 2199 1000 2256 et
1023 2197 1123 2256 addit:

115 2277 227 2344 ‘babeo
255 2283 430 2360 incorrupta
457 2284 597 2344 libertate
626 2289 656 2345 et
684 2287 721 2346 ob
749 2286 781 2345 id
808 2287 890 2345 fama
918 2281 1124 2360 celebratior’3

115 2366 207 2449 ‘quod
229 2375 404 2448 praeturam
426 2373 508 2433 intra
530 2374 624 2452 stetit,
647 2375 864 2435 commendatio
888 2393 924 2433 ex
942 2374 1053 2434 iniuria
1071 2421 1078 2434 .
1093 2419 1124 2434 ..

116 2455 288 2520 oriebatur’.

202 2549 378 2628 Augustum
409 2551 445 2610 de
477 2551 677 2629 respondendi
708 2570 832 2610 munere
859 2551 930 2613 nori
957 2571 992 2610 ac
1019 2553 1122 2632 magni

115 2638 232 2713 aliquid
266 2639 432 2698 instituisse
464 2639 647 2716 Pomponius
680 2637 700 2714 ἓ
728 2641 769 2699 49
807 2641 900 2697 refert
932 2639 979 2698 his
1010 2641 1123 2700 verbis:

115 2719 199 2785 ‘ante
217 2730 351 2804 tempora
364 2728 500 2805 Augusti
517 2728 637 2804 publice
655 2726 854 2803 respondendi
872 2727 920 2786 ius
933 2745 994 2786 non
1009 2747 1028 2786 a
1041 2727 1124 2803 prin-

35 2830 39 2839 “
112 2815 232 2892 cipibus
250 2817 387 2891 dabatur,
411 2817 463 2877 sed
482 2817 534 2894 qui
551 2816 692 2876 fiduciam
711 2816 880 2876 studiorum
893 2834 1017 2875 suorum
1031 2816 1122 2876 habe·

112 2904 199 2982 bant,
222 2905 448 2966 consulentibus
471 2906 703 2983 respondebant;
729 2925 826 2984 neque
848 2923 992 2981 responsa
1014 2907 1121 2984 utique

111 2994 234 3072 signata
248 2994 367 3068 debant,
382 2995 435 3054 sed
448 2994 625 3072 plerumque
640 2996 789 3055 iudicibus
802 2995 861 3071 ipsi
875 2995 1054 3069 scribebant,
1068 3000 1123 3056 aut

110 3082 307 3144 testabantur
325 3084 378 3161 qui
395 3084 464 3143 illos
482 3085 685 3144 consulebant
717 3069 1133 3162 11111111111111111311111,1

112 3175 147 3231 11
160 3172 260 3231 maior
273 3173 348 3232 iuris
365 3173 532 3232 auctoritas
546 3173 716 3248 baberetur,
735 3173 903 3251 constituit,
921 3176 956 3232 ut
971 3192 1007 3232 ex
1020 3175 1122 3232 aucto·

110 3261 204 3321 ritate
229 3259 294 3320 eius
316 3261 539 3339 responderent,
563 3265 594 3320 et
617 3280 654 3320 ex
675 3262 728 3319 illo
750 3264 885 3336 tempore
909 3261 973 3336 peti
993 3263 1048 3320 hoc
1066 3280 1121 3336 pro

12 3340 15 3347 ’
108 3349 257 3410 beneficio
280 3345 398 3426 coepit'.
438 3350 519 3428 quod
542 3349 719 3409 beneficium
735 3343 904 3408 Labeonem
922 3368 982 3409 non
1000 3351 1122 3425 petiisse

108 3459 164 3515 pro
184 3442 268 3499 certo
288 3439 481 3498 statuendum
500 3442 559 3498 est:
582 3439 680 3498 multa
698 3456 754 3496 sua
772 3455 915 3514 responsa
931 3437 1051 3512 publice
1069 3439 1122 3497 ille

108 3528 244 3606 quidem,
268 3529 321 3588 sed
344 3547 404 3588 non
427 3547 463 3588 ex
484 3528 627 3604 principis
650 3526 831 3586 auctoritate
854 3526 944 3584 dedit.
