2568 3890
420 167 445 216 1.
467 160 849 218 nunccupantem
945 153 948 160 '
1073 160 1138 227 229

221 325 273 389 37.
298 322 339 390 D.
354 326 383 406 7,
399 326 428 404 8,
444 325 495 407 12,
510 325 539 390 6.
575 315 734 406 Ulpianus
753 322 837 389 libro
857 324 993 408 septimo
1013 323 1137 389 decimo

129 413 170 478 ad
204 411 359 478 Sabinum
392 410 441 499 (P.
460 410 572 499 2579).
599 447 642 458 -
670 409 792 495 Operas
900 415 983 479 servi
1016 413 1138 478 usuarii

128 525 195 569 non
214 502 335 567 locabit
348 499 408 588 (ec.
426 502 476 566 cui
496 524 572 566 usus
590 501 720 565 relictus
740 498 804 586 est)
822 522 924 586 neque
944 501 1000 566 alii
1018 501 1137 567 utendo

129 591 297 673 concedet,
326 597 358 655 et
380 591 428 655 ita
450 589 559 655 Labeo
658 589 742 654 idem
770 594 878 654 tamen
902 589 1010 656 Labeo
1033 594 1139 676 putat,

130 684 160 744 si
182 680 317 744 fundum
336 678 525 744 conduxerit
544 679 625 763 quis,
647 679 814 743 usuarium
832 701 961 744 servum
977 701 1073 763 posse
1091 679 1138 745 ibi

130 790 268 835 ceren.

150 793 171 854 p
223 858 276 923 38.-
307 854 346 921 D.
363 859 392 937 7,
406 857 435 938 8,
452 857 501 920 13.
543 853 644 920 Gaius
667 855 751 920 libro
776 855 913 939 septimo
937 855 978 920 ad
999 855 1139 922 edictum

129 945 330 1032 provinciale
354 943 402 1032 (P.
418 943 506 1032 172).
530 981 573 992 -
671 944 735 1029 ipsi
765 965 855 1009 servo
880 944 1056 1009 ancillaeve
1079 967 1139 1029 pro

132 1055 231 1119 opera
253 1035 431 1099 mercedem
453 1033 578 1118 imponi
600 1056 697 1120 posse
719 1033 862 1099 Labeoni
885 1033 1000 1118 placet.

629 1212 646 1276 2

18 1399 19 1404 .
220 1327 273 1392 39.
309 1324 587 1405 Ι).50,16,116.
636 1326 727 1392 Idem
755 1325 813 1412 (sc.
840 1322 1028 1413 Iavolenus)
1053 1326 1139 1391 libro

133 1414 271 1499 septimo
289 1414 512 1500 Epistularum
531 1413 583 1502 (P.
599 1414 687 1500 108).
708 1453 746 1462 -
768 1413 932 1500 ‘Quisquis
956 1415 1035 1480 mihi
1056 1415 1139 1480 alins

17 1517 18 1602 1
130 1504 190 1569 filii
203 1504 328 1569 filiusve
342 1504 434 1568 heres
450 1503 518 1569 sit':
537 1503 645 1570 Labeo
660 1526 725 1569 non
739 1505 842 1569 videri
855 1505 957 1570 filiam
972 1503 1140 1570 contineri.

314 1713 496 1774 Testamenta
518 1714 757 1787 quemadmodem
779 1717 956 1788 operiantur.

220 1834 273 1898 40.
293 1832 330 1897 D.
340 1832 393 1910 50,
405 1834 432 1916 1,
442 1832 472 1899 5.
504 1831 624 1897 Paulus
643 1833 727 1897 libro
742 1832 1011 1917 quadragensimo
1026 1832 1138 1916 quinto

132 1923 173 1988 ad
196 1922 336 1987 edictum
357 1919 405 2008 (P.
421 1918 512 2006 607).
532 1957 570 1968 -
590 1921 699 1985 Labeo
722 1921 843 1986 indicat
862 1943 945 2006 eum,
968 1923 1023 2007 qui
1040 1922 1138 2005 pluri-

132 2013 192 2076 bus
221 2011 301 2076 locis
329 2032 368 2074 ex
396 2031 498 2094 aequo
527 2010 726 2097 negotietur,
753 2032 911 2095 nusquam
939 2010 1138 2076 domicilium

130 2100 263 2184 habere3
295 2098 452 2182 quosdam
485 2103 593 2164 autem
625 2100 730 2165 dicere
758 2100 857 2164 refert
882 2100 1032 2184 pluribus
1058 2100 1138 2165 locis

132 2211 207 2254 enm
230 2189 369 2253 incolam
393 2209 463 2252 esre
487 2193 544 2252 aut
566 2187 766 2254 domicilium
789 2189 918 2256 habere.

490 2371 537 2430 De
560 2372 618 2430 loco
640 2373 780 2446 relicturo.

220 2489 272 2553 41.
291 2487 330 2554 D.
341 2489 393 2573 50,
405 2490 455 2571 16,
466 2490 517 2555 38.
553 2486 713 2573 Ulpianus
732 2490 817 2555 libro
831 2491 1005 2555 vicensimo
1025 2490 1138 2575 quinto

130 2579 170 2644 ad
195 2578 333 2643 edictum
353 2577 402 2662 (P.
418 2577 505 2659 725).
526 2613 565 2623 -
586 2577 757 2642 Ostentum
775 2576 884 2642 Labeo
909 2578 1020 2642 definit
1043 2601 1138 2644 omne

131 2670 245 2735 contra
267 2673 418 2731 naturam
442 2667 595 2750 cuiusque
617 2667 665 2729 rei
688 2666 833 2752 genitum
856 2667 1051 2749 factumque.

219 2787 311 2847 Lenel
329 2787 361 2846 P.
379 2789 441 2847 725
460 2789 559 2846 notat:
584 2780 678 2846 ‘loeus
696 2787 728 2846 in
747 2806 805 2864 quo
825 2789 975 2846 ostentum
994 2787 1140 2863 sepelitur

130 2876 289 2955 religiosus
311 2895 371 2935 non
394 2868 450 2935 fit'.

219 2987 272 3051 42.
312 2985 352 3052 Ι).
378 2986 428 3068 11,
454 2988 483 3073 7,
507 2987 586 3070 8pr.
646 2986 805 3073 Ulpianus
842 2987 926 3062 libro
963 2985 1137 3050 vicensimo

130 3077 244 3161 quinto
278 3076 317 3140 ad
350 3076 491 3139 edictum
519 3075 567 3159 (P.
587 3075 676 3160 731).
704 3113 746 3123 -
775 3075 858 3141 Ossa
890 3096 971 3161 qnae
1005 3073 1045 3138 ab
1074 3073 1137 3138 alio

130 3164 225 3228 illata
253 3166 328 3228 sunt
355 3164 406 3227 vel
436 3186 551 3250 corpus
576 3187 617 3229 an
639 3165 736 3228 liceat
760 3165 890 3230 domino
914 3163 978 3230 loci
1001 3161 1138 3228 effodere

128 3253 180 3318 101
204 3274 314 3318 eruere
339 3253 406 3317 sine
432 3253 560 3318 decreto
584 3252 772 3337 pontificum
793 3275 849 3318 seu
866 3255 957 3319 iussu
974 3250 1140 3337 principis,

130 3342 330 3426 quaestionis
359 3345 420 3424 est,
452 3346 485 3405 et
508 3341 555 3408 ait
576 3340 684 3406 Labeo
710 3342 970 3425 [exspectandum
993 3342 1044 3406 101
1067 3362 1138 3425 per·

130 3430 265 3495 missum
293 3430 480 3513 pontificale
504 3451 559 3494 sen
582 3431 757 3495 iussionem
780 3431 948 3515 principis,
978 3428 1138 3515 alioquin]

129 3519 319 3584 iniuriarum
343 3519 412 3584 fore
436 3518 593 3584 actionem
617 3518 770 3583 adversus
793 3541 865 3584 eum
889 3520 945 3603 qui
967 3518 1068 3584 eiecit.
