<?xml version="1.0" encoding="UTF-8"?>
<!DOCTYPE html PUBLIC "-//W3C//DTD XHTML 1.0 Transitional//EN"
    "http://www.w3.org/TR/xhtml1/DTD/xhtml1-transitional.dtd">
<html xmlns="http://www.w3.org/1999/xhtml" xml:lang="en" lang="en">
 <head>
  <title>
</title>
<meta http-equiv="Content-Type" content="text/html;charset=utf-8" />
  <meta name='ocr-system' content='tesseract 3.04.00' />
  <meta name='ocr-capabilities' content='ocr_page ocr_carea ocr_par ocr_line ocrx_word'/>
</head>
<body>
  <div class='ocr_page' id='page_1' title='image "./iurisprudentiae04bremgoog_0072.png"; bbox 0 0 2550 3888; ppageno 0'>
   <div class='ocr_carea' id='block_1_1' title="bbox 156 133 1167 218">
    <p class='ocr_par' dir='ltr' id='par_1_1' title="bbox 156 133 1167 218">
     <span class='ocr_line' id='line_1_1' title="bbox 156 133 1167 218; baseline -0.003 -11"><span class='ocrx_word' id='word_1_1' title='bbox 156 154 199 218; x_wconf 85' lang='lat'><strong>64</strong></span> <span class='ocrx_word' id='word_1_2' title='bbox 235 154 257 207; x_wconf 88' lang='lat'><strong>1.</strong></span> <span class='ocrx_word' id='word_1_3' title='bbox 280 150 434 207; x_wconf 73' lang='grc'>999999</span> <span class='ocrx_word' id='word_1_4' title='bbox 454 149 614 206; x_wconf 78' lang='lat' dir='ltr'><strong>noscam</strong></span> <span class='ocrx_word' id='word_1_5' title='bbox 635 151 683 204; x_wconf 84' lang='lat' dir='ltr'><strong>ur</strong></span> <span class='ocrx_word' id='word_1_6' title='bbox 707 148 842 204; x_wconf 81' lang='grc'>99999</span> <span class='ocrx_word' id='word_1_7' title='bbox 864 133 960 205; x_wconf 77' lang='lat' dir='ltr'><strong>roais</strong></span> <span class='ocrx_word' id='word_1_8' title='bbox 983 147 1167 206; x_wconf 80' lang='lat' dir='ltr'><strong>corsuum</strong></span> 
     </span>
    </p>
   </div>
   <div class='ocr_carea' id='block_1_2' title="bbox 155 313 1259 395">
    <p class='ocr_par' dir='ltr' id='par_1_2' title="bbox 155 313 1259 395">
     <span class='ocr_line' id='line_1_2' title="bbox 155 313 1259 395; baseline -0.004 -13"><span class='ocrx_word' id='word_1_9' title='bbox 155 322 205 382; x_wconf 87' lang='lat' dir='ltr'><strong>vel</strong></span> <span class='ocrx_word' id='word_1_10' title='bbox 215 321 398 380; x_wconf 87' lang='lat' dir='ltr'><strong>contrarium</strong></span> <span class='ocrx_word' id='word_1_11' title='bbox 407 318 662 393; x_wconf 89' lang='lat' dir='ltr'><strong>respondentibus.</strong></span> <span class='ocrx_word' id='word_1_12' title='bbox 682 318 811 395; x_wconf 84' lang='lat' dir='ltr'><strong>legimus</strong></span> <span class='ocrx_word' id='word_1_13' title='bbox 822 318 901 377; x_wconf 90' lang='lat' dir='ltr'><strong>enim</strong></span> <span class='ocrx_word' id='word_1_14' title='bbox 909 319 982 378; x_wconf 87' lang='lat' dir='ltr'><strong>base</strong></span> <span class='ocrx_word' id='word_1_15' title='bbox 992 313 1166 378; x_wconf 74' lang='lat' dir='ltr'><strong>‘Trebatius</strong></span> <span class='ocrx_word' id='word_1_16' title='bbox 1258 361 1259 370; x_wconf 32' lang='lat'>³</span> 
     </span>
    </p>
   </div>
   <div class='ocr_carea' id='block_1_3' title="bbox 157 401 1167 572">
    <p class='ocr_par' dir='ltr' id='par_1_3' title="bbox 157 401 1167 572">
     <span class='ocr_line' id='line_1_3' title="bbox 157 401 1166 484; baseline -0.005 -14"><span class='ocrx_word' id='word_1_17' title='bbox 157 409 264 470; x_wconf 90' lang='lat' dir='ltr'><strong>Ofilius</strong></span> <span class='ocrx_word' id='word_1_18' title='bbox 292 409 391 468; x_wconf 81' lang='lat' dir='ltr'>Labeo</span> <span class='ocrx_word' id='word_1_19' title='bbox 418 402 648 482; x_wconf 87' lang='lat' dir='ltr'><strong>responderunt&#39;</strong></span> <span class='ocrx_word' id='word_1_20' title='bbox 671 405 706 466; x_wconf 90' lang='lat' dir='ltr'><strong>D.</strong></span> <span class='ocrx_word' id='word_1_21' title='bbox 723 409 954 484; x_wconf 91' lang='grc'>17,1,22,10</span> <span class='ocrx_word' id='word_1_22' title='bbox 981 407 1030 467; x_wconf 80' lang='lat' dir='ltr'><strong>vel</strong></span> <span class='ocrx_word' id='word_1_23' title='bbox 1053 401 1166 466; x_wconf 74' lang='lat' dir='ltr'><strong>‘Labeo</strong></span> 
     </span>
     <span class='ocr_line' id='line_1_4' title="bbox 158 489 1167 572; baseline -0.001 -14"><span class='ocrx_word' id='word_1_24' title='bbox 158 497 264 558; x_wconf 88' lang='lat' dir='ltr'><strong>Ofilius</strong></span> <span class='ocrx_word' id='word_1_25' title='bbox 287 490 515 572; x_wconf 87' lang='lat' dir='ltr'><strong>responderunt&#39;</strong></span> <span class='ocrx_word' id='word_1_26' title='bbox 538 496 573 553; x_wconf 89' lang='grc' dir='ltr'><strong>Ι).</strong></span> <span class='ocrx_word' id='word_1_27' title='bbox 588 499 640 572; x_wconf 89' lang='grc'>40,</span> <span class='ocrx_word' id='word_1_28' title='bbox 656 499 684 570; x_wconf 94' lang='grc'>7,</span> <span class='ocrx_word' id='word_1_29' title='bbox 700 497 785 571; x_wconf 88' lang='grc'>39,4</span> <span class='ocrx_word' id='word_1_30' title='bbox 809 497 857 557; x_wconf 81' lang='lat' dir='ltr'><strong>vel</strong></span> <span class='ocrx_word' id='word_1_31' title='bbox 876 489 987 556; x_wconf 73' lang='lat' dir='ltr'><strong>‘Labeo</strong></span> <span class='ocrx_word' id='word_1_32' title='bbox 1006 496 1167 557; x_wconf 78' lang='lat' dir='ltr'><strong>Trebatius</strong></span> 
     </span>
    </p>
   </div>
   <div class='ocr_carea' id='block_1_4' title="bbox 158 577 1260 751">
    <p class='ocr_par' dir='ltr' id='par_1_4' title="bbox 158 577 1260 751">
     <span class='ocr_line' id='line_1_5' title="bbox 158 577 1260 662; baseline -0.003 -15"><span class='ocrx_word' id='word_1_33' title='bbox 158 580 385 662; x_wconf 81' lang='lat' dir='ltr'><strong>responderunt’</strong></span> <span class='ocrx_word' id='word_1_34' title='bbox 407 586 443 645; x_wconf 88' lang='lat' dir='ltr'><strong>D.</strong></span> <span class='ocrx_word' id='word_1_35' title='bbox 460 588 511 659; x_wconf 88' lang='grc'><strong>40,</strong></span> <span class='ocrx_word' id='word_1_36' title='bbox 528 589 555 662; x_wconf 92' lang='grc'>7,</span> <span class='ocrx_word' id='word_1_37' title='bbox 571 587 622 660; x_wconf 87' lang='grc'>39,</span> <span class='ocrx_word' id='word_1_38' title='bbox 639 587 658 643; x_wconf 95' lang='grc'>2</span> <span class='ocrx_word' id='word_1_39' title='bbox 681 586 730 644; x_wconf 90' lang='lat' dir='ltr'><strong>vel</strong></span> <span class='ocrx_word' id='word_1_40' title='bbox 753 577 863 644; x_wconf 75' lang='lat' dir='ltr'><strong>‘Labeo</strong></span> <span class='ocrx_word' id='word_1_41' title='bbox 882 583 987 644; x_wconf 85' lang='lat' dir='ltr'>Ofilius</span> <span class='ocrx_word' id='word_1_42' title='bbox 1006 585 1168 644; x_wconf 76' lang='lat' dir='ltr'><strong>Trebatius</strong></span> <span class='ocrx_word' id='word_1_43' title='bbox 1259 654 1260 658; x_wconf 10' lang='lat'>¹</span> 
     </span>
     <span class='ocr_line' id='line_1_6' title="bbox 158 667 1260 751; baseline -0.004 -15"><span class='ocrx_word' id='word_1_44' title='bbox 158 668 386 750; x_wconf 89' lang='lat' dir='ltr'><strong>responderunt’</strong></span> <span class='ocrx_word' id='word_1_45' title='bbox 410 674 447 733; x_wconf 92' lang='lat' dir='ltr'><strong>D.</strong></span> <span class='ocrx_word' id='word_1_46' title='bbox 464 674 519 746; x_wconf 92' lang='grc'>35,</span> <span class='ocrx_word' id='word_1_47' title='bbox 536 676 638 751; x_wconf 77' lang='grc'>1,·40,</span> <span class='ocrx_word' id='word_1_48' title='bbox 653 676 684 734; x_wconf 89' lang='grc'><strong>4.</strong></span> <span class='ocrx_word' id='word_1_49' title='bbox 703 675 754 748; x_wconf 82' lang='grc'>49,</span> <span class='ocrx_word' id='word_1_50' title='bbox 771 675 821 751; x_wconf 89' lang='grc'><strong>15,</strong></span> <span class='ocrx_word' id='word_1_51' title='bbox 837 675 878 732; x_wconf 90' lang='grc'><strong>27</strong></span> <span class='ocrx_word' id='word_1_52' title='bbox 901 675 950 735; x_wconf 78' lang='lat' dir='ltr'><strong>vel</strong></span> <span class='ocrx_word' id='word_1_53' title='bbox 971 667 1021 732; x_wconf 68' lang='lat' dir='ltr'><strong>‘ex</strong></span> <span class='ocrx_word' id='word_1_54' title='bbox 1044 675 1170 733; x_wconf 89' lang='lat' dir='ltr'><strong>oonsilio</strong></span> <span class='ocrx_word' id='word_1_55' title='bbox 1258 669 1260 740; x_wconf 83' lang='lat' dir='ltr'><strong>l</strong></span> 
     </span>
    </p>
   </div>
   <div class='ocr_carea' id='block_1_5' title="bbox 158 745 1260 839">
    <p class='ocr_par' dir='ltr' id='par_1_5' title="bbox 158 745 1260 839">
     <span class='ocr_line' id='line_1_7' title="bbox 158 745 1260 839; baseline -0.003 -15"><span class='ocrx_word' id='word_1_56' title='bbox 158 765 307 824; x_wconf 80' lang='lat' dir='ltr'><strong>Labeonis</strong></span> <span class='ocrx_word' id='word_1_57' title='bbox 335 761 416 822; x_wconf 85' lang='grc'><strong>999</strong></span> <span class='ocrx_word' id='word_1_58' title='bbox 443 762 581 822; x_wconf 75' lang='lat' dir='ltr'><strong>cascere</strong></span> <span class='ocrx_word' id='word_1_59' title='bbox 605 756 750 821; x_wconf 74' lang='lat' dir='ltr'><strong>rreoaar</strong></span> <span class='ocrx_word' id='word_1_60' title='bbox 778 762 814 821; x_wconf 86' lang='lat' dir='ltr'><strong>u.</strong></span> <span class='ocrx_word' id='word_1_61' title='bbox 831 764 881 838; x_wconf 79' lang='lat' dir='ltr'><strong>aa,</strong></span> <span class='ocrx_word' id='word_1_62' title='bbox 898 766 926 839; x_wconf 83' lang='lat' dir='ltr'><strong>a,</strong></span> <span class='ocrx_word' id='word_1_63' title='bbox 941 764 1037 838; x_wconf 75' lang='lat' dir='ltr'><strong>aopr.</strong></span> <span class='ocrx_word' id='word_1_64' title='bbox 1063 763 1117 822; x_wconf 75' lang='lat' dir='ltr'><strong>sec</strong></span> <span class='ocrx_word' id='word_1_65' title='bbox 1140 766 1171 822; x_wconf 74' lang='lat' dir='ltr'><strong>es</strong></span> <span class='ocrx_word' id='word_1_66' title='bbox 1259 745 1260 762; x_wconf 59' lang='lat'>¹</span> 
     </span>
    </p>
   </div>
   <div class='ocr_carea' id='block_1_6' title="bbox 158 846 1261 1016">
    <p class='ocr_par' dir='ltr' id='par_1_6' title="bbox 158 846 1261 1016">
     <span class='ocr_line' id='line_1_8' title="bbox 158 846 1260 930; baseline 0.001 -19"><span class='ocrx_word' id='word_1_67' title='bbox 158 854 232 913; x_wconf 88' lang='lat' dir='ltr'><strong>baec</strong></span> <span class='ocrx_word' id='word_1_68' title='bbox 261 853 401 930; x_wconf 83' lang='lat' dir='ltr'><strong>legimus:</strong></span> <span class='ocrx_word' id='word_1_69' title='bbox 435 846 625 910; x_wconf 71' lang='lat' dir='ltr'><strong>‘Trebatium</strong></span> <span class='ocrx_word' id='word_1_70' title='bbox 652 853 756 910; x_wconf 90' lang='lat' dir='ltr'><strong>contra</strong></span> <span class='ocrx_word' id='word_1_71' title='bbox 781 847 953 910; x_wconf 76' lang='lat' dir='ltr'><strong>Labeonem</strong></span> <span class='ocrx_word' id='word_1_72' title='bbox 980 851 1171 926; x_wconf 82' lang='lat' dir='ltr'><strong>respondisse</strong></span> <span class='ocrx_word' id='word_1_73' title='bbox 1259 899 1260 912; x_wconf 71' lang='lat'><strong>.</strong></span> 
     </span>
     <span class='ocr_line' id='line_1_9' title="bbox 160 935 1261 1016; baseline -0.003 -15"><span class='ocrx_word' id='word_1_74' title='bbox 160 935 272 1002; x_wconf 83' lang='lat' dir='ltr'><strong>dicunt&#39;</strong></span> <span class='ocrx_word' id='word_1_75' title='bbox 297 941 460 1016; x_wconf 63' lang='grc'>(191142,</span> <span class='ocrx_word' id='word_1_76' title='bbox 477 943 506 1000; x_wconf 87' lang='grc'><strong>9.</strong></span> <span class='ocrx_word' id='word_1_77' title='bbox 547 941 626 1016; x_wconf 88' lang='lat' dir='ltr'><strong>quod</strong></span> <span class='ocrx_word' id='word_1_78' title='bbox 648 939 681 997; x_wconf 92' lang='lat' dir='ltr'><strong>in</strong></span> <span class='ocrx_word' id='word_1_79' title='bbox 698 939 830 1013; x_wconf 82' lang='lat' dir='ltr'><strong>Digestis</strong></span> <span class='ocrx_word' id='word_1_80' title='bbox 854 941 1005 1000; x_wconf 88' lang='lat' dir='ltr'><strong>contraria</strong></span> <span class='ocrx_word' id='word_1_81' title='bbox 1026 957 1172 1015; x_wconf 88' lang='lat' dir='ltr'><strong>responsa</strong></span> <span class='ocrx_word' id='word_1_82' title='bbox 1259 935 1261 990; x_wconf 53' lang='lat'><strong>&#39;1</strong></span> 
     </span>
    </p>
   </div>
   <div class='ocr_carea' id='block_1_7' title="bbox 86 1019 1261 2706">
    <p class='ocr_par' dir='ltr' id='par_1_7' title="bbox 158 1019 1261 1445">
     <span class='ocr_line' id='line_1_10' title="bbox 158 1019 1261 1108; baseline -0.003 -18"><span class='ocrx_word' id='word_1_83' title='bbox 158 1049 219 1090; x_wconf 91' lang='lat' dir='ltr'><strong>non</strong></span> <span class='ocrx_word' id='word_1_84' title='bbox 246 1032 349 1106; x_wconf 89' lang='lat' dir='ltr'><strong>aperte</strong></span> <span class='ocrx_word' id='word_1_85' title='bbox 375 1029 571 1089; x_wconf 84' lang='lat' dir='ltr'><strong>inveniuntur</strong></span> <span class='ocrx_word' id='word_1_86' title='bbox 598 1022 648 1108; x_wconf 82' lang='lat' dir='ltr'><strong>(cf.</strong></span> <span class='ocrx_word' id='word_1_87' title='bbox 676 1047 748 1088; x_wconf 87' lang='lat' dir='ltr'><strong>vero</strong></span> <span class='ocrx_word' id='word_1_88' title='bbox 777 1021 948 1088; x_wconf 74' lang='lat' dir='ltr'><strong>‘Trebatius</strong></span> <span class='ocrx_word' id='word_1_89' title='bbox 1052 1029 1096 1088; x_wconf 92' lang='lat' dir='ltr'><strong>ait</strong></span> <span class='ocrx_word' id='word_1_90' title='bbox 1260 1019 1261 1080; x_wconf 61' lang='lat'><em>2</em></span> 
     </span>
     <span class='ocr_line' id='line_1_11' title="bbox 159 1111 1172 1196; baseline -0.002 -17"><span class='ocrx_word' id='word_1_91' title='bbox 159 1121 260 1180; x_wconf 89' lang='lat' dir='ltr'><strong>Labeo</strong></span> <span class='ocrx_word' id='word_1_92' title='bbox 284 1111 400 1178; x_wconf 88' lang='lat' dir='ltr'><strong>contra&#39;</strong></span> <span class='ocrx_word' id='word_1_93' title='bbox 423 1118 460 1178; x_wconf 94' lang='lat' dir='ltr'><strong>D.</strong></span> <span class='ocrx_word' id='word_1_94' title='bbox 476 1120 527 1192; x_wconf 90' lang='lat'><strong>18,</strong></span> <span class='ocrx_word' id='word_1_95' title='bbox 543 1122 571 1194; x_wconf 88' lang='lat'><strong>6,</strong></span> <span class='ocrx_word' id='word_1_96' title='bbox 587 1121 615 1194; x_wconf 90' lang='lat'>1,</span> <span class='ocrx_word' id='word_1_97' title='bbox 631 1121 660 1176; x_wconf 90' lang='grc'><strong>2.</strong></span> <span class='ocrx_word' id='word_1_98' title='bbox 702 1111 873 1177; x_wconf 74' lang='lat' dir='ltr'><strong>‘Trebatius</strong></span> <span class='ocrx_word' id='word_1_99' title='bbox 895 1121 988 1196; x_wconf 85' lang='lat' dir='ltr'><strong>negat</strong></span> <span class='ocrx_word' id='word_1_100' title='bbox 1069 1117 1172 1177; x_wconf 86' lang='lat' dir='ltr'><strong>Labeo</strong></span> 
     </span>
     <span class='ocr_line' id='line_1_12' title="bbox 161 1201 1173 1285; baseline -0.002 -17"><span class='ocrx_word' id='word_1_101' title='bbox 161 1201 275 1268; x_wconf 88' lang='lat' dir='ltr'><strong>contra&#39;</strong></span> <span class='ocrx_word' id='word_1_102' title='bbox 291 1209 325 1266; x_wconf 88' lang='lat' dir='ltr'><strong>D.</strong></span> <span class='ocrx_word' id='word_1_103' title='bbox 338 1209 388 1282; x_wconf 91' lang='grc'>26,</span> <span class='ocrx_word' id='word_1_104' title='bbox 399 1209 428 1285; x_wconf 94' lang='grc'>2,</span> <span class='ocrx_word' id='word_1_105' title='bbox 439 1209 490 1267; x_wconf 90' lang='grc'><strong>33.</strong></span> <span class='ocrx_word' id='word_1_106' title='bbox 502 1209 552 1284; x_wconf 90' lang='grc'>28,</span> <span class='ocrx_word' id='word_1_107' title='bbox 563 1209 592 1284; x_wconf 91' lang='grc'>8,</span> <span class='ocrx_word' id='word_1_108' title='bbox 605 1209 653 1266; x_wconf 94' lang='grc'><strong>11.</strong></span> <span class='ocrx_word' id='word_1_109' title='bbox 665 1208 717 1284; x_wconf 91' lang='grc'>43,</span> <span class='ocrx_word' id='word_1_110' title='bbox 729 1208 779 1284; x_wconf 93' lang='grc'>24,</span> <span class='ocrx_word' id='word_1_111' title='bbox 791 1209 841 1285; x_wconf 89' lang='grc'>23,</span> <span class='ocrx_word' id='word_1_112' title='bbox 853 1205 894 1284; x_wconf 90' lang='grc'>3),</span> <span class='ocrx_word' id='word_1_113' title='bbox 909 1207 940 1265; x_wconf 88' lang='lat' dir='ltr'><strong>id</strong></span> <span class='ocrx_word' id='word_1_114' title='bbox 956 1206 1173 1267; x_wconf 89' lang='lat' dir='ltr'><strong>Tribonianum</strong></span> 
     </span>
     <span class='ocr_line' id='line_1_13' title="bbox 161 1295 1173 1373; baseline -0.003 -16"><span class='ocrx_word' id='word_1_115' title='bbox 161 1298 292 1357; x_wconf 87' lang='lat' dir='ltr'><strong>effecisse</strong></span> <span class='ocrx_word' id='word_1_116' title='bbox 330 1296 497 1372; x_wconf 87' lang='lat' dir='ltr'><strong>putandum</strong></span> <span class='ocrx_word' id='word_1_117' title='bbox 534 1297 581 1356; x_wconf 87' lang='lat' dir='ltr'><strong>est</strong></span> <span class='ocrx_word' id='word_1_118' title='bbox 616 1295 692 1354; x_wconf 92' lang='lat' dir='ltr'><strong>talia</strong></span> <span class='ocrx_word' id='word_1_119' title='bbox 727 1296 775 1355; x_wconf 84' lang='lat' dir='ltr'><strong>vel</strong></span> <span class='ocrx_word' id='word_1_120' title='bbox 808 1314 867 1354; x_wconf 90' lang='grc'><strong>999</strong></span> <span class='ocrx_word' id='word_1_121' title='bbox 898 1296 1091 1373; x_wconf 79' lang='lat' dir='ltr'><strong>recipientem</strong></span> <span class='ocrx_word' id='word_1_122' title='bbox 1123 1295 1173 1355; x_wconf 86' lang='lat' dir='ltr'><strong>vel</strong></span> 
     </span>
     <span class='ocr_line' id='line_1_14' title="bbox 161 1388 335 1445; baseline -0.006 0"><span class='ocrx_word' id='word_1_123' title='bbox 161 1388 335 1445; x_wconf 83' lang='lat' dir='ltr'><strong>mutantem.</strong></span> 
     </span>
    </p>

    <p class='ocr_par' dir='ltr' id='par_1_8' title="bbox 161 1467 1174 1819">
     <span class='ocr_line' id='line_1_15' title="bbox 250 1467 1172 1552; baseline 0.002 -20"><span class='ocrx_word' id='word_1_124' title='bbox 250 1474 391 1533; x_wconf 84' lang='lat' dir='ltr'><strong>Fortasse</strong></span> <span class='ocrx_word' id='word_1_125' title='bbox 413 1491 591 1548; x_wconf 87' lang='lat' dir='ltr'><strong>responsum</strong></span> <span class='ocrx_word' id='word_1_126' title='bbox 608 1472 757 1532; x_wconf 85' lang='lat' dir='ltr'><strong>Labeonis</strong></span> <span class='ocrx_word' id='word_1_127' title='bbox 776 1472 922 1532; x_wconf 86' lang='lat' dir='ltr'><strong>traditum</strong></span> <span class='ocrx_word' id='word_1_128' title='bbox 940 1477 988 1533; x_wconf 85' lang='lat' dir='ltr'><strong>est</strong></span> <span class='ocrx_word' id='word_1_129' title='bbox 1007 1491 1032 1534; x_wconf 80' lang='lat' dir='ltr'><strong>a</strong></span> <span class='ocrx_word' id='word_1_130' title='bbox 1049 1467 1128 1552; x_wconf 79' lang='lat' dir='ltr'><strong>‘16ss</strong></span> <span class='ocrx_word' id='word_1_131' title='bbox 1132 1474 1172 1534; x_wconf 86' lang='lat'><strong>15</strong></span> 
     </span>
     <span class='ocr_line' id='line_1_16' title="bbox 162 1561 1174 1640; baseline -0.001 -19"><span class='ocrx_word' id='word_1_132' title='bbox 162 1564 280 1640; x_wconf 85' lang='lat' dir='ltr'><strong>datum,</strong></span> <span class='ocrx_word' id='word_1_133' title='bbox 307 1562 384 1621; x_wconf 84' lang='lat' dir='ltr'><strong>illud</strong></span> <span class='ocrx_word' id='word_1_134' title='bbox 411 1561 475 1621; x_wconf 90' lang='lat' dir='ltr'><strong>dico</strong></span> <span class='ocrx_word' id='word_1_135' title='bbox 503 1563 534 1619; x_wconf 91' lang='lat' dir='ltr'><strong>in</strong></span> <span class='ocrx_word' id='word_1_136' title='bbox 561 1562 694 1621; x_wconf 86' lang='lat' dir='ltr'><strong>Iavoleni</strong></span> <span class='ocrx_word' id='word_1_137' title='bbox 721 1562 799 1622; x_wconf 89' lang='lat' dir='ltr'><strong>libro</strong></span> <span class='ocrx_word' id='word_1_138' title='bbox 822 1562 865 1620; x_wconf 94' lang='lat' dir='ltr'><strong>IX</strong></span> <span class='ocrx_word' id='word_1_139' title='bbox 894 1581 930 1620; x_wconf 85' lang='lat' dir='ltr'><strong>ex</strong></span> <span class='ocrx_word' id='word_1_140' title='bbox 955 1562 1174 1638; x_wconf 86' lang='lat' dir='ltr'><strong>posterioribus</strong></span> 
     </span>
     <span class='ocr_line' id='line_1_17' title="bbox 161 1650 1174 1728; baseline 0 -18"><span class='ocrx_word' id='word_1_141' title='bbox 161 1652 309 1711; x_wconf 88' lang='lat' dir='ltr'><strong>Labeonis</strong></span> <span class='ocrx_word' id='word_1_142' title='bbox 328 1652 518 1726; x_wconf 85' lang='grc' dir='ltr'>Ι).19,2,57</span> <span class='ocrx_word' id='word_1_143' title='bbox 543 1655 707 1718; x_wconf 85' lang='lat' dir='ltr'><strong>servatum,</strong></span> <span class='ocrx_word' id='word_1_144' title='bbox 731 1651 811 1727; x_wconf 87' lang='lat' dir='ltr'><strong>quod</strong></span> <span class='ocrx_word' id='word_1_145' title='bbox 834 1669 901 1710; x_wconf 89' lang='lat' dir='ltr'><strong>cum</strong></span> <span class='ocrx_word' id='word_1_146' title='bbox 923 1653 1113 1728; x_wconf 89' lang='lat' dir='ltr'><strong>tempestate,</strong></span> <span class='ocrx_word' id='word_1_147' title='bbox 1137 1650 1174 1710; x_wconf 88' lang='lat' dir='ltr'><strong>de</strong></span> 
     </span>
     <span class='ocr_line' id='line_1_18' title="bbox 163 1739 1017 1819; baseline 0.001 -20"><span class='ocrx_word' id='word_1_148' title='bbox 163 1759 224 1819; x_wconf 91' lang='lat' dir='ltr'><strong>qua</strong></span> <span class='ocrx_word' id='word_1_149' title='bbox 245 1740 369 1800; x_wconf 80' lang='lat' dir='ltr'><strong>Tacitus</strong></span> <span class='ocrx_word' id='word_1_150' title='bbox 393 1759 459 1799; x_wconf 88' lang='lat' dir='ltr'><strong>ann.</strong></span> <span class='ocrx_word' id='word_1_151' title='bbox 476 1742 507 1812; x_wconf 93' lang='lat'>1,</span> <span class='ocrx_word' id='word_1_152' title='bbox 525 1741 564 1799; x_wconf 91' lang='grc'><strong>76</strong></span> <span class='ocrx_word' id='word_1_153' title='bbox 588 1743 704 1816; x_wconf 86' lang='lat' dir='ltr'><strong>narret,</strong></span> <span class='ocrx_word' id='word_1_154' title='bbox 728 1741 886 1800; x_wconf 88' lang='lat' dir='ltr'><strong>cohaerere</strong></span> <span class='ocrx_word' id='word_1_155' title='bbox 904 1739 1017 1815; x_wconf 83' lang='lat' dir='ltr'><strong>¹potest</strong></span> 
     </span>
    </p>

    <p class='ocr_par' dir='ltr' id='par_1_9' title="bbox 86 1827 1176 2087">
     <span class='ocr_line' id='line_1_19' title="bbox 251 1827 1176 1907; baseline 0.001 -19"><span class='ocrx_word' id='word_1_156' title='bbox 251 1829 352 1888; x_wconf 86' lang='lat' dir='ltr'><strong>Labeo</strong></span> <span class='ocrx_word' id='word_1_157' title='bbox 370 1847 514 1905; x_wconf 90' lang='lat' dir='ltr'><strong>responsa</strong></span> <span class='ocrx_word' id='word_1_158' title='bbox 531 1848 585 1904; x_wconf 89' lang='lat' dir='ltr'><strong>per</strong></span> <span class='ocrx_word' id='word_1_159' title='bbox 602 1829 719 1888; x_wconf 88' lang='lat' dir='ltr'><strong>litteras</strong></span> <span class='ocrx_word' id='word_1_160' title='bbox 738 1827 809 1888; x_wconf 85' lang='lat' dir='ltr'><strong>data</strong></span> <span class='ocrx_word' id='word_1_161' title='bbox 823 1829 1009 1907; x_wconf 84' lang='lat' dir='ltr'><strong>argumentis</strong></span> <span class='ocrx_word' id='word_1_162' title='bbox 1022 1828 1176 1889; x_wconf 84' lang='lat' dir='ltr'><strong>instruxit.</strong></span> 
     </span>
     <span class='ocr_line' id='line_1_20' title="bbox 163 1911 1175 1995; baseline -0.001 -18"><span class='ocrx_word' id='word_1_163' title='bbox 163 1919 200 1978; x_wconf 89' lang='lat' dir='ltr'><strong>cf.</strong></span> <span class='ocrx_word' id='word_1_164' title='bbox 218 1918 255 1977; x_wconf 93' lang='grc' dir='ltr'><strong>Ι).</strong></span> <span class='ocrx_word' id='word_1_165' title='bbox 271 1920 322 1994; x_wconf 86' lang='grc'>35,</span> <span class='ocrx_word' id='word_1_166' title='bbox 339 1921 367 1995; x_wconf 92' lang='grc'><strong>1,</strong></span> <span class='ocrx_word' id='word_1_167' title='bbox 381 1919 433 1992; x_wconf 89' lang='grc'>40,</span> <span class='ocrx_word' id='word_1_168' title='bbox 448 1919 476 1975; x_wconf 96' lang='grc'><strong>2.</strong></span> <span class='ocrx_word' id='word_1_169' title='bbox 506 1919 557 1994; x_wconf 87' lang='grc'>33,</span> <span class='ocrx_word' id='word_1_170' title='bbox 573 1920 601 1995; x_wconf 92' lang='grc'>7,</span> <span class='ocrx_word' id='word_1_171' title='bbox 618 1920 657 1977; x_wconf 91' lang='grc'><strong>25</strong></span> <span class='ocrx_word' id='word_1_172' title='bbox 688 1911 758 1995; x_wconf 91' lang='lat' dir='ltr'><strong>(boo</strong></span> <span class='ocrx_word' id='word_1_173' title='bbox 781 1920 827 1976; x_wconf 90' lang='lat' dir='ltr'><strong>est</strong></span> <span class='ocrx_word' id='word_1_174' title='bbox 850 1919 954 1976; x_wconf 89' lang='lat' dir='ltr'><strong>contra</strong></span> <span class='ocrx_word' id='word_1_175' title='bbox 978 1913 1175 1994; x_wconf 83' lang='lat' dir='ltr'><strong>Tuberonem,</strong></span> 
     </span>
     <span class='ocr_line' id='line_1_21' title="bbox 86 1997 1176 2087; baseline 0 -22"><span class='ocrx_word' id='word_1_176' title='bbox 86 2031 87 2036; x_wconf 45' lang='lat'>¹</span> <span class='ocrx_word' id='word_1_177' title='bbox 163 2007 238 2065; x_wconf 83' lang='lat' dir='ltr'><strong>illud</strong></span> <span class='ocrx_word' id='word_1_178' title='bbox 257 2009 361 2065; x_wconf 87' lang='lat' dir='ltr'><strong>contra</strong></span> <span class='ocrx_word' id='word_1_179' title='bbox 375 2004 497 2064; x_wconf 89' lang='lat' dir='ltr'><strong>Ofilium</strong></span> <span class='ocrx_word' id='word_1_180' title='bbox 515 1997 715 2087; x_wconf 89' lang='lat' dir='ltr'><strong>responsum).</strong></span> <span class='ocrx_word' id='word_1_181' title='bbox 756 2025 832 2082; x_wconf 89' lang='lat' dir='ltr'><strong>quae</strong></span> <span class='ocrx_word' id='word_1_182' title='bbox 852 2011 1029 2084; x_wconf 84' lang='lat' dir='ltr'><strong>argumenta</strong></span> <span class='ocrx_word' id='word_1_183' title='bbox 1046 2006 1176 2066; x_wconf 87' lang='lat' dir='ltr'><strong>fortasse</strong></span> 
     </span>
    </p>

    <p class='ocr_par' dir='ltr' id='par_1_10' title="bbox 118 2094 1176 2353">
     <span class='ocr_line' id='line_1_22' title="bbox 118 2094 1175 2171; baseline 0 -18"><span class='ocrx_word' id='word_1_184' title='bbox 118 2163 123 2170; x_wconf 25' lang='lat'><strong>¹</strong></span> <span class='ocrx_word' id='word_1_185' title='bbox 165 2114 224 2154; x_wconf 88' lang='lat' dir='ltr'><strong>non</strong></span> <span class='ocrx_word' id='word_1_186' title='bbox 251 2096 314 2152; x_wconf 90' lang='lat' dir='ltr'><strong>tam</strong></span> <span class='ocrx_word' id='word_1_187' title='bbox 341 2095 433 2168; x_wconf 89' lang='lat' dir='ltr'><strong>parti,</strong></span> <span class='ocrx_word' id='word_1_188' title='bbox 466 2113 555 2170; x_wconf 90' lang='lat' dir='ltr'><strong>quam</strong></span> <span class='ocrx_word' id='word_1_189' title='bbox 583 2094 675 2152; x_wconf 88' lang='lat' dir='ltr'><strong>iudici</strong></span> <span class='ocrx_word' id='word_1_190' title='bbox 696 2096 866 2171; x_wconf 74' lang='lat' dir='ltr'><strong>proposuit,</strong></span> <span class='ocrx_word' id='word_1_191' title='bbox 893 2114 963 2154; x_wconf 91' lang='lat' dir='ltr'><strong>nam</strong></span> <span class='ocrx_word' id='word_1_192' title='bbox 986 2095 1065 2171; x_wconf 89' lang='lat' dir='ltr'><strong>quod</strong></span> <span class='ocrx_word' id='word_1_193' title='bbox 1088 2094 1175 2153; x_wconf 88' lang='lat' dir='ltr'><strong>Pom-</strong></span> 
     </span>
     <span class='ocr_line' id='line_1_23' title="bbox 164 2176 1176 2260; baseline 0.001 -18"><span class='ocrx_word' id='word_1_194' title='bbox 164 2183 272 2258; x_wconf 89' lang='lat' dir='ltr'><strong>ponius</strong></span> <span class='ocrx_word' id='word_1_195' title='bbox 301 2182 381 2254; x_wconf 65' lang='lat'><strong>§49</strong></span> <span class='ocrx_word' id='word_1_196' title='bbox 416 2181 470 2240; x_wconf 86' lang='lat' dir='ltr'><strong>ait:</strong></span> <span class='ocrx_word' id='word_1_197' title='bbox 508 2176 699 2258; x_wconf 69' lang='lat' dir='ltr'><strong>‘plerumque</strong></span> <span class='ocrx_word' id='word_1_198' title='bbox 730 2182 881 2243; x_wconf 88' lang='lat' dir='ltr'><strong>iudicibus</strong></span> <span class='ocrx_word' id='word_1_199' title='bbox 915 2184 972 2260; x_wconf 89' lang='lat' dir='ltr'><strong>ipsi</strong></span> <span class='ocrx_word' id='word_1_200' title='bbox 1004 2183 1176 2243; x_wconf 80' lang='lat' dir='ltr'><strong>scribebant</strong></span> 
     </span>
     <span class='ocr_line' id='line_1_24' title="bbox 166 2263 1175 2353; baseline 0.001 -23"><span class='ocrx_word' id='word_1_201' title='bbox 166 2263 220 2353; x_wconf 91' lang='lat' dir='ltr'><strong>(so.</strong></span> <span class='ocrx_word' id='word_1_202' title='bbox 243 2271 318 2329; x_wconf 89' lang='lat' dir='ltr'><strong>iuris</strong></span> <span class='ocrx_word' id='word_1_203' title='bbox 342 2264 507 2348; x_wconf 86' lang='lat' dir='ltr'><strong>consulti)&#39;,</strong></span> <span class='ocrx_word' id='word_1_204' title='bbox 530 2269 561 2328; x_wconf 91' lang='lat' dir='ltr'><strong>in</strong></span> <span class='ocrx_word' id='word_1_205' title='bbox 585 2269 754 2329; x_wconf 86' lang='lat' dir='ltr'><strong>Labeonem</strong></span> <span class='ocrx_word' id='word_1_206' title='bbox 776 2291 894 2348; x_wconf 88' lang='lat' dir='ltr'><strong>quoque</strong></span> <span class='ocrx_word' id='word_1_207' title='bbox 917 2273 1022 2332; x_wconf 88' lang='lat' dir='ltr'><strong>cadere</strong></span> <span class='ocrx_word' id='word_1_208' title='bbox 1044 2272 1175 2332; x_wconf 86' lang='lat' dir='ltr'><strong>videtur.</strong></span> 
     </span>
    </p>

    <p class='ocr_par' dir='ltr' id='par_1_11' title="bbox 165 2358 1180 2706">
     <span class='ocr_line' id='line_1_25' title="bbox 255 2358 1176 2436; baseline 0.003 -19"><span class='ocrx_word' id='word_1_209' title='bbox 255 2359 408 2434; x_wconf 84' lang='lat' dir='ltr'><strong>Responsa</strong></span> <span class='ocrx_word' id='word_1_210' title='bbox 422 2359 487 2417; x_wconf 90' lang='lat' dir='ltr'><strong>eius</strong></span> <span class='ocrx_word' id='word_1_211' title='bbox 501 2358 613 2435; x_wconf 88' lang='lat' dir='ltr'><strong>partim</strong></span> <span class='ocrx_word' id='word_1_212' title='bbox 626 2358 658 2418; x_wconf 91' lang='lat' dir='ltr'><strong>in</strong></span> <span class='ocrx_word' id='word_1_213' title='bbox 672 2359 892 2436; x_wconf 87' lang='lat' dir='ltr'><strong>Responsorum</strong></span> <span class='ocrx_word' id='word_1_214' title='bbox 906 2361 1017 2436; x_wconf 87' lang='lat' dir='ltr'><strong>partim</strong></span> <span class='ocrx_word' id='word_1_215' title='bbox 1031 2361 1062 2419; x_wconf 91' lang='lat' dir='ltr'><strong>in</strong></span> <span class='ocrx_word' id='word_1_216' title='bbox 1075 2364 1176 2436; x_wconf 92' lang='lat' dir='ltr'><strong>poste-</strong></span> 
     </span>
     <span class='ocr_line' id='line_1_26' title="bbox 165 2448 1177 2526; baseline 0.001 -18"><span class='ocrx_word' id='word_1_217' title='bbox 165 2448 294 2508; x_wconf 87' lang='lat' dir='ltr'><strong>rioribus</strong></span> <span class='ocrx_word' id='word_1_218' title='bbox 316 2448 402 2508; x_wconf 90' lang='lat' dir='ltr'><strong>libris</strong></span> <span class='ocrx_word' id='word_1_219' title='bbox 422 2448 565 2508; x_wconf 84' lang='lat' dir='ltr'><strong>videntur</strong></span> <span class='ocrx_word' id='word_1_220' title='bbox 583 2448 725 2508; x_wconf 82' lang='lat' dir='ltr'><strong>extitisse.</strong></span> <span class='ocrx_word' id='word_1_221' title='bbox 767 2448 860 2508; x_wconf 91' lang='lat' dir='ltr'><strong>nihilo</strong></span> <span class='ocrx_word' id='word_1_222' title='bbox 879 2449 977 2510; x_wconf 89' lang='lat' dir='ltr'><strong>minus</strong></span> <span class='ocrx_word' id='word_1_223' title='bbox 997 2468 1073 2526; x_wconf 88' lang='lat' dir='ltr'><strong>quae</strong></span> <span class='ocrx_word' id='word_1_224' title='bbox 1093 2452 1177 2509; x_wconf 91' lang='lat' dir='ltr'><strong>aeta·</strong></span> 
     </span>
     <span class='ocr_line' id='line_1_27' title="bbox 165 2537 1180 2616; baseline 0.001 -19"><span class='ocrx_word' id='word_1_225' title='bbox 165 2543 227 2597; x_wconf 89' lang='lat' dir='ltr'><strong>tem</strong></span> <span class='ocrx_word' id='word_1_226' title='bbox 250 2539 395 2616; x_wconf 87' lang='lat' dir='ltr'><strong>tulerunt,</strong></span> <span class='ocrx_word' id='word_1_227' title='bbox 420 2538 477 2597; x_wconf 92' lang='lat' dir='ltr'><strong>hoo</strong></span> <span class='ocrx_word' id='word_1_228' title='bbox 498 2538 564 2597; x_wconf 92' lang='lat' dir='ltr'><strong>looo</strong></span> <span class='ocrx_word' id='word_1_229' title='bbox 588 2538 735 2597; x_wconf 90' lang='lat' dir='ltr'><strong>collocare</strong></span> <span class='ocrx_word' id='word_1_230' title='bbox 756 2537 896 2598; x_wconf 89' lang='lat' dir='ltr'><strong>idoneum</strong></span> <span class='ocrx_word' id='word_1_231' title='bbox 920 2539 997 2597; x_wconf 85' lang='lat' dir='ltr'><strong>duxi.</strong></span> <span class='ocrx_word' id='word_1_232' title='bbox 1043 2541 1180 2598; x_wconf 89' lang='lat' dir='ltr'><strong>ceterum</strong></span> 
     </span>
     <span class='ocr_line' id='line_1_28' title="bbox 166 2626 1179 2706; baseline 0.003 -21"><span class='ocrx_word' id='word_1_233' title='bbox 166 2627 203 2687; x_wconf 88' lang='lat' dir='ltr'><strong>de</strong></span> <span class='ocrx_word' id='word_1_234' title='bbox 225 2627 376 2686; x_wconf 89' lang='lat' dir='ltr'><strong>nonnullis</strong></span> <span class='ocrx_word' id='word_1_235' title='bbox 400 2627 556 2687; x_wconf 88' lang='lat' dir='ltr'><strong>sententiis</strong></span> <span class='ocrx_word' id='word_1_236' title='bbox 579 2645 597 2685; x_wconf 91' lang='grc'><strong>9</strong></span> <span class='ocrx_word' id='word_1_237' title='bbox 620 2645 667 2686; x_wconf 88' lang='lat' dir='ltr'><strong>me</strong></span> <span class='ocrx_word' id='word_1_238' title='bbox 690 2626 792 2686; x_wconf 86' lang='lat' dir='ltr'><strong>allatis</strong></span> <span class='ocrx_word' id='word_1_239' title='bbox 816 2629 896 2686; x_wconf 88' lang='lat' dir='ltr'><strong>recte</strong></span> <span class='ocrx_word' id='word_1_240' title='bbox 915 2627 1048 2687; x_wconf 90' lang='lat' dir='ltr'><strong>dubitari</strong></span> <span class='ocrx_word' id='word_1_241' title='bbox 1065 2631 1179 2706; x_wconf 87' lang='lat' dir='ltr'><strong>potest,</strong></span> 
     </span>
    </p>
   </div>
   <div class='ocr_carea' id='block_1_8' title="bbox 165 2715 1264 2792">
    <p class='ocr_par' dir='ltr' id='par_1_12' title="bbox 165 2715 1264 2792">
     <span class='ocr_line' id='line_1_29' title="bbox 165 2715 1264 2792; baseline 0 -16"><span class='ocrx_word' id='word_1_242' title='bbox 165 2719 270 2776; x_wconf 86' lang='lat' dir='ltr'><strong>utrum</strong></span> <span class='ocrx_word' id='word_1_243' title='bbox 292 2717 324 2775; x_wconf 92' lang='grc'><strong>19</strong></span> <span class='ocrx_word' id='word_1_244' title='bbox 341 2717 489 2792; x_wconf 85' lang='lat' dir='ltr'><strong>responsis</strong></span> <span class='ocrx_word' id='word_1_245' title='bbox 509 2715 663 2775; x_wconf 86' lang='lat' dir='ltr'><strong>habendae</strong></span> <span class='ocrx_word' id='word_1_246' title='bbox 682 2717 742 2776; x_wconf 89' lang='lat' dir='ltr'><strong>sint</strong></span> <span class='ocrx_word' id='word_1_247' title='bbox 758 2733 859 2776; x_wconf 90' lang='grc'>99999.</span> <span class='ocrx_word' id='word_1_248' title='bbox 897 2716 933 2774; x_wconf 89' lang='lat' dir='ltr'><strong>de</strong></span> <span class='ocrx_word' id='word_1_249' title='bbox 952 2716 1179 2792; x_wconf 82' lang='lat' dir='ltr'><strong>Responsorum</strong></span> <span class='ocrx_word' id='word_1_250' title='bbox 1263 2741 1264 2792; x_wconf 84' lang='lat' dir='ltr'>j</span> 
     </span>
    </p>
   </div>
   <div class='ocr_carea' id='block_1_9' title="bbox 163 2805 852 3130">
    <p class='ocr_par' dir='ltr' id='par_1_13' title="bbox 163 2805 852 3130">
     <span class='ocr_line' id='line_1_30' title="bbox 163 2805 408 2866; baseline 0 -3"><span class='ocrx_word' id='word_1_251' title='bbox 163 2806 249 2864; x_wconf 78' lang='lat' dir='ltr'><strong>libris</strong></span> <span class='ocrx_word' id='word_1_252' title='bbox 272 2825 299 2866; x_wconf 86' lang='lat' dir='ltr'><strong>v.</strong></span> <span class='ocrx_word' id='word_1_253' title='bbox 321 2805 408 2864; x_wconf 88' lang='lat' dir='ltr'><strong>infra.</strong></span> 
     </span>
     <span class='ocr_line' id='line_1_31' title="bbox 545 2946 793 3006; baseline 0.008 -2"><span class='ocrx_word' id='word_1_254' title='bbox 545 2946 592 3004; x_wconf 90' lang='lat' dir='ltr'><strong>De</strong></span> <span class='ocrx_word' id='word_1_255' title='bbox 609 2949 793 3006; x_wconf 78' lang='lat' dir='ltr'><strong>testamentis.</strong></span> 
     </span>
     <span class='ocr_line' id='line_1_32' title="bbox 484 3061 852 3130; baseline 0.003 -15"><span class='ocrx_word' id='word_1_256' title='bbox 484 3061 536 3116; x_wconf 90' lang='lat' dir='ltr'><strong>·De</strong></span> <span class='ocrx_word' id='word_1_257' title='bbox 552 3061 658 3116; x_wconf 68' lang='lat' dir='ltr'><strong>heredia</strong></span> <span class='ocrx_word' id='word_1_258' title='bbox 673 3063 852 3130; x_wconf 65' lang='lat' dir='ltr'><strong>institutione.</strong></span> 
     </span>
    </p>
   </div>
   <div class='ocr_carea' id='block_1_10' title="bbox 168 3169 1181 3434">
    <p class='ocr_par' dir='ltr' id='par_1_14' title="bbox 168 3169 1181 3434">
     <span class='ocr_line' id='line_1_33' title="bbox 259 3169 1179 3258; baseline 0.005 -24"><span class='ocrx_word' id='word_1_259' title='bbox 259 3171 286 3235; x_wconf 91' lang='lat'><strong>1.</strong></span> <span class='ocrx_word' id='word_1_260' title='bbox 309 3169 349 3234; x_wconf 92' lang='lat' dir='ltr'><strong>D.</strong></span> <span class='ocrx_word' id='word_1_261' title='bbox 363 3171 416 3253; x_wconf 88' lang='grc'>28,</span> <span class='ocrx_word' id='word_1_262' title='bbox 430 3172 458 3253; x_wconf 91' lang='grc'>7,</span> <span class='ocrx_word' id='word_1_263' title='bbox 468 3171 519 3236; x_wconf 90' lang='grc'><strong>20.</strong></span> <span class='ocrx_word' id='word_1_264' title='bbox 561 3170 668 3236; x_wconf 88' lang='lat' dir='ltr'><strong>Labeo</strong></span> <span class='ocrx_word' id='word_1_265' title='bbox 692 3172 775 3236; x_wconf 88' lang='lat' dir='ltr'><strong>libro</strong></span> <span class='ocrx_word' id='word_1_266' title='bbox 798 3173 935 3238; x_wconf 89' lang='lat' dir='ltr'><strong>secundo</strong></span> <span class='ocrx_word' id='word_1_267' title='bbox 958 3173 1179 3258; x_wconf 87' lang='lat' dir='ltr'><strong>posteriorum</strong></span> 
     </span>
     <span class='ocr_line' id='line_1_34' title="bbox 169 3258 1180 3346; baseline 0.007 -24"><span class='ocrx_word' id='word_1_268' title='bbox 169 3258 361 3325; x_wconf 82' lang='lat' dir='ltr'><strong>alavoleno</strong></span> <span class='ocrx_word' id='word_1_269' title='bbox 385 3260 641 3344; x_wconf 79' lang='lat' dir='ltr'><strong>epitomatorem.</strong></span> <span class='ocrx_word' id='word_1_270' title='bbox 664 3297 701 3307; x_wconf 95' lang='lat'><em>-</em></span> <span class='ocrx_word' id='word_1_271' title='bbox 723 3261 852 3346; x_wconf 83' lang='lat' dir='ltr'><strong>Mulier,</strong></span> <span class='ocrx_word' id='word_1_272' title='bbox 874 3283 952 3345; x_wconf 80' lang='lat' dir='ltr'><strong>quae</strong></span> <span class='ocrx_word' id='word_1_273' title='bbox 973 3264 1039 3327; x_wconf 78' lang='lat' dir='ltr'><strong>otro</strong></span> <span class='ocrx_word' id='word_1_274' title='bbox 1061 3283 1117 3327; x_wconf 80' lang='lat' dir='ltr'><strong>sao</strong></span> <span class='ocrx_word' id='word_1_275' title='bbox 1141 3283 1180 3329; x_wconf 81' lang='grc'><strong>99</strong></span> 
     </span>
     <span class='ocr_line' id='line_1_35' title="bbox 168 3347 1181 3434; baseline 0.007 -23"><span class='ocrx_word' id='word_1_276' title='bbox 168 3349 233 3412; x_wconf 82' lang='lat' dir='ltr'><strong>dote</strong></span> <span class='ocrx_word' id='word_1_277' title='bbox 259 3347 391 3414; x_wconf 82' lang='lat' dir='ltr'><strong>dietcm¹</strong></span> <span class='ocrx_word' id='word_1_278' title='bbox 411 3351 591 3434; x_wconf 78' lang='lat' dir='ltr'><strong>peccatam,</strong></span> <span class='ocrx_word' id='word_1_279' title='bbox 618 3351 750 3433; x_wconf 78' lang='lat' dir='ltr'><strong>debebat,</strong></span> <span class='ocrx_word' id='word_1_280' title='bbox 778 3353 881 3418; x_wconf 80' lang='lat' dir='ltr'><strong>otram</strong></span> <span class='ocrx_word' id='word_1_281' title='bbox 903 3351 1039 3432; x_wconf 76' lang='lat' dir='ltr'><strong>heredem</strong></span> <span class='ocrx_word' id='word_1_282' title='bbox 1061 3353 1109 3418; x_wconf 79' lang='lat' dir='ltr'><strong>tta</strong></span> <span class='ocrx_word' id='word_1_283' title='bbox 1132 3354 1181 3418; x_wconf 80' lang='lat' dir='ltr'><strong>ia·</strong></span> 
     </span>
    </p>
   </div>
   <div class='ocr_carea' id='block_1_11' title="bbox 242 3522 546 3594">
    <p class='ocr_par' dir='ltr' id='par_1_15' title="bbox 242 3522 546 3594">
     <span class='ocr_line' id='line_1_36' title="bbox 242 3522 546 3594; baseline 0.02 -19"><span class='ocrx_word' id='word_1_284' title='bbox 242 3527 255 3574; x_wconf 90' lang='lat'>1</span> <span class='ocrx_word' id='word_1_285' title='bbox 282 3522 356 3578; x_wconf 81' lang='lat' dir='ltr'><strong>Trib.</strong></span> <span class='ocrx_word' id='word_1_286' title='bbox 374 3524 546 3594; x_wconf 86' lang='lat' dir='ltr'><strong>promissam.</strong></span> 
     </span>
    </p>
   </div>
   <div class='ocr_carea' id='block_1_12' title="bbox 0 0 1295 3888">
    <p class='ocr_par' dir='ltr' id='par_1_16' title="bbox 0 0 1295 3888">
     <span class='ocr_line' id='line_1_37' title="bbox 0 0 1295 3888; baseline 0 0"><span class='ocrx_word' id='word_1_287' title='bbox 0 0 1295 3888; x_wconf 95' lang='lat' dir='ltr'><strong> </strong></span> 
     </span>
    </p>
   </div>
  </div>
 </body>
</html>
