2580 3888
431 188 457 235 2.
479 181 662 239 MASURIUS
681 181 835 238 SABINUS
1077 181 1142 246 327

163 345 165 348 ’
221 349 304 410 Inter
336 369 386 411 cos
408 351 470 426 ¹qui
490 321 598 428 ¹noque
631 349 799 410 Sabinianis
831 369 927 428 nsque
957 349 1143 411 Proculiauis

132 442 219 499 certo
235 439 434 524 'adnumerari
456 442 592 517 possunt,
615 439 667 515 qui
681 439 779 498 'multi
801 442 880 515 sunt,
902 439 1046 517 nonnulli,
1069 458 1141 517 quo-

131 537 202 588 rum
226 533 323 606 pauca
345 529 515 606 fragmenta
537 530 648 598 extant,
673 527 815 586 Sabinum
837 527 1010 606 neglegunt,
1036 530 1068 588 iu
1095 529 1142 588 his

132 617 243 677 Varius
267 617 424 694 Lucullus,
453 615 614 694 Paconius,
637 613 818 693 Campanus,
843 615 982 677 Valerius
1000 617 1143 692 'Severus

132 705 317 765 Puteolanus
324 751 332 780 ,
355 703 511 766 Seruilius.
556 705 592 765 de
615 704 740 782 reliquis
764 705 837 764 haec
860 705 984 765 dicenda
1006 710 1084 766 sunt.

223 812 351 872 Sextus
387 811 521 871 Pedius
563 811 595 870 in
630 811 716 871 libris
753 811 792 870 ad
818 810 959 872 'edictum
994 789 1170 886 praetoris·

133 901 276 961 Sabinum
303 901 409 961 laudat
437 895 592 982 (*Sabinus
619 901 664 960 ait
691 903 722 960 et
748 899 858 960 Pedius
884 893 1004 978 probat'
1032 899 1142 979 1150,

134 983 406 1166 16'13’u13idius,
437 1088 491 1164 qui
523 1088 652 1148 fumasse
683 1087 763 1146 idam
795 1070 950 1146 habendus
978 1089 1024 1146 est
1051 1088 1141 1162 atquc

132 1177 270 1237 Aufidius
285 1175 387 1253 Chius,
408 1195 494 1252 quem
508 1175 656 1251 Ulpianus
674 1175 760 1236 libris
778 1175 816 1235 ad
835 1174 981 1234 Sabinum
998 1175 1142 1251 nominat,

71 1255 74 1265 '
133 1265 236 1326 Sabini
254 1265 418 1325 sententias
432 1265 538 1324 attulit
552 1258 762 1346 (‘quamqnam
775 1264 855 1340 apud
868 1263 1018 1323 Fufidium
1031 1263 1141 1324 Sabino

4 1417 12 1424 ,
133 1347 261 1431 placeat'
286 1351 351 1414 Gai.
368 1349 501 1434 2154).

162 1453 165 1458 ’
221 1459 368 1520 Priscus
391 1460 595 1537 Fulcinius,
622 1479 802 1538 quamquam
824 1460 857 1519 in
879 1459 1034 1536 Pomponii
1055 1458 1143 1518 Pauli

135 1548 258 1625 Ulpiani
284 1549 369 1608 libris
397 1549 436 1608 ad
462 1549 605 1609 Sabinum
632 1549 788 1627 laudatur,
815 1548 879 1624 ipss
907 1549 938 1608 in
964 1547 1141 1627 fragmentis

134 1638 171 1697 de
195 1637 305 1698 Sabino
327 1632 405 1697 nihil
427 1638 528 1698 refert.

220 1734 413 1812 Vivianus,
431 1734 483 1811 qui
501 1737 660 1794 anulorum
677 1751 818 1808 responsu
830 1733 995 1793 secundum
1008 1734 1142 1811 priorum

132 1824 226 1884 libros
259 1824 392 1899 rettulit,
423 1826 544 1900 practer
571 1821 667 1883 (tassii
694 1827 725 1882 et
751 1821 871 1882 Proculi
894 1821 997 1882 Sabini
1023 1841 1141 1900 quoquc

133 1914 298 1974 sententias
325 1911 414 1972 affert
440 1904 493 1993 (D.
509 1914 560 1987 29,
577 1914 605 1988 7,
621 1913 716 1987 14pr.
744 1909 901 1971 Scaevola:
929 1904 1069 1982 ‘Quidam
1095 1930 1142 1971 re·

133 2003 248 2081 ferunt,
271 2004 418 2080 quantum
437 2005 543 2080 *repeto
566 1993 646 2078 apud
668 1999 843 2078 Vitianum,
867 1999 969 2060 Sabini
991 2003 1023 2060 et
1045 1999 1142 2060 Cassii

133 2094 166 2152 et
188 2091 309 2152 Proculi
331 2089 496 2167 expositam
519 2107 583 2150 essa
605 2091 636 2149 in
659 2089 834 2167 quaestions
857 2088 946 2150 liuius
969 2088 1050 2150 modi
1071 2108 1140 2150 con·

134 2180 311 2240 troversiam
426 2179 505 2257 quod
537 2178 680 2239 Sabinum
717 2181 748 2238 et
773 2177 915 2238 ¹Cassium
952 2178 1141 2255 respondisse

133 2268 221 2328 aiunt
251 2268 378 2329 Proculo
410 2268 613 2328 dissentiente.
659 2267 809 2327 nimirum
841 2269 943 2326 autem
976 2266 1079 2326 Sabini
1110 2271 1142 2327 et

4 2415 5 2422 ,
134 2355 231 2416 Cassii
253 2357 402 2430 collectio,
427 2377 517 2435 quam
539 2361 571 2417 et
592 2357 651 2434 ipsi
673 2356 812 2434 reddunt,
834 2355 888 2415 illa
910 2358 957 2416 sat
979 2348 1096 2438 quod').

223 2463 438 2536 Atilicinus,
470 2464 523 2540 qni
546 2464 581 2522 in
607 2462 765 2539 Pomponii
791 2461 880 2522 Pauli
905 2461 1028 2537 Ulpiani
1055 2462 1141 2522 libris

132 2553 172 2613 ael
198 2551 342 2613 Sabinum
364 2570 585 2629 nonnunquam
615 2550 771 2626 laudatur,
802 2549 834 2608 in
860 2549 929 2608 aliis
956 2550 1046 2609 rebus
1072 2569 1141 2609 cum

132 2639 233 2702 Nerva
251 2645 282 2702 et
299 2640 427 2701 Proculo
447 2635 548 2699 stabat
566 2632 609 2718 (v.
624 2638 715 2714 infra,
733 2637 784 2696 ubi
803 2637 839 2696 de
857 2637 1000 2697 Atilicino
1017 2649 1140 2713 gonera-

128 2731 203 2792 liter
229 2730 387 2791 dicendum
411 2721 491 2809 cst),
518 2728 550 2787 in
569 2727 645 2786 aliis
672 2731 739 2785 curn
762 2724 873 2785 Sabino
896 2728 927 2785 et
950 2724 1052 2785 Cassio
1075 2744 1141 2786 sen·

129 2819 228 2880 tiebat
250 2813 408 2902 (Sabinus
434 2823 466 2877 et
487 2816 649 2876 Atilicinus
671 2814 893 2892 *responderunt
990 2813 1070 2873 illem
1091 2833 1141 2873 ex·

128 2902 354 2970 istimaverunt'
373 2907 410 2968 D.
426 2908 476 2982 10,
492 2908 520 2981 3,
537 2909 566 2982 6,
580 2908 609 2966 4.
624 2907 654 2965 5.
690 2898 863 2964 ‘Atilicinus
878 2903 1005 2963 Sabinus
1019 2900 1141 2964 Oassius
1245 2901 1251 2912 '

132 2991 361 3074 responderunt'
383 2996 419 3057 D.
436 2999 487 3072 17,
503 2997 530 3072 2,
546 2996 598 3066 52,
614 2997 665 3056 18.
710 2988 884 3054 ‘Atilicinus
905 2991 1039 3052 Sabinus
1069 2989 1141 3052 Oas-

132 3086 195 3147 sius
299 3079 396 3146 aiunt'
418 3084 455 3144 D.
469 3087 522 3162 45,
538 3087 566 3162 2,
584 3075 650 3165 17).

223 3191 442 3268 Octauenus,
470 3190 576 3269 quiin
602 3189 761 3265 Pomponii
787 3192 819 3249 at
839 3175 963 3265 Ulpiani
990 3187 1075 3247 libris
1103 3188 1141 3247 ad

133 3281 279 3342 Sabinum
292 3281 441 3358 laudatur,
454 3278 617 3338 identidem
632 3277 772 3338 Sabinum
789 3279 909 3337 secutus
924 3279 971 3336 est
985 3268 1141 3359 (ursinus

135 3367 255 3430 Cassius
274 3367 442 3431 convenas
466 3361 563 3428 aiuut’
586 3367 622 3427 D.
638 3368 667 3442 8,
683 3369 711 3442 6,
726 3367 776 3426 27.
814 3359 880 3425 ‘nec
902 3366 1076 3450 ollandctor,
1090 3413 1097 3426 .
1111 3411 1118 3425 .
1134 3410 1141 3425 .

133 3457 238 3518 Sabini
264 3459 414 3520 sententia
436 3502 444 3518 .
464 3505 469 3517 .
490 3502 496 3516 .
519 3455 599 3516 idem
625 3458 657 3515 ct
679 3451 848 3515 Octauenus
874 3447 993 3531 probat'
1017 3454 1052 3515 l).
1068 3457 1095 3530 7,
1112 3455 1142 3534 8,

135 3548 186 3625 ιι,
201 3539 245 3627 c).
