2550 3888
352 118 355 124 ’
400 153 831 212 aerumnosarum
1022 197 1024 202 -
1060 107 1120 219 ¹23

111 323 190 402 qnod
211 322 266 382 illo
289 315 356 382 loco
378 322 490 402 reiecit,
512 323 544 380 id
562 323 642 398 quod
660 322 782 382 Pernice
800 343 828 399 p.
840 325 903 383 276
922 325 1025 400 putat,
1049 343 1120 383 nam

113 413 214 473 eodem
246 412 325 472 libro
357 414 441 472 sexto
472 411 621 471 Pithanon
648 415 776 489 utraque
805 415 952 472 sententie
979 431 998 472 a
1024 412 1119 473 Paulo

111 503 252 561 refertur:
271 499 373 560 Labeo
392 500 428 560 de
446 501 546 560 insula
565 501 727 577 proxima
744 503 807 577 tup
825 501 934 561 fundo
952 504 1025 561 nata
1045 502 1118 581 agit,

111 609 186 666 quae
209 609 269 648 non
292 589 410 664 ipsius
432 584 597 648 fluminis
621 593 668 649 cst
689 589 796 648 insula.

197 677 333 756 Denique
361 678 540 738 monendum
568 680 626 756 cst,
654 697 691 738 ex
716 678 760 739 Ti.
780 676 905 738 Gracchi
932 680 1118 756 temporibus

111 767 291 827 Graecorum
315 767 351 826 de
373 767 478 842 populi
500 769 651 843 potestate
674 767 841 826 doctrinam
859 785 878 824 a
895 767 998 826 multis
1016 787 1119 845 recep·

109 861 170 914 tam
198 860 230 915 et
256 855 295 914 ad
321 875 369 914 res
396 855 571 914 iudicandas
598 855 765 915 adhibitam
792 873 865 915 3333.
916 855 1016 916 Labeo
1044 877 1117 934 quo·

110 965 164 1021 qne
192 944 361 1005 doctrinam
387 945 470 1002 illam
500 943 623 1003 tenebat
651 946 681 1003 et
708 945 835 1003 fortasse
864 942 993 1003 Graecos
1020 964 1118 1006 mores

109 1034 205 1112 magis
228 1034 354 1106 colebat,
378 1051 469 1110 quam
487 1031 668 1092 Octavianus
688 1029 847 1108 Augustus
870 1035 902 1092 et
920 1030 1026 1108 Capito
1045 1034 1117 1094 civi·

108 1123 161 1181 bus
186 1121 329 1182 Romanis
358 1121 481 1198 dignum
508 1139 572 1182 esse
599 1113 820 1181 existimabant.
841 1189 844 1193 ,
866 1121 974 1197 Capito
997 1122 1118 1198 quidem

107 1230 165 1270 non
187 1212 288 1270 minus
311 1228 402 1288 quam
425 1209 524 1270 Labeo
549 1209 677 1270 Graecas
699 1228 787 1270 voces
811 1230 879 1272 cum
897 1210 1014 1269 Latinis
1038 1230 1118 1271 oom-
1226 1206 1228 1210 ’

106 1304 206 1374 parat:
237 1299 340 1375 pollex
370 1293 463 1374 ‘apud
495 1297 623 1359 Graecos
655 1293 807 1379 doclxeco',
839 1299 939 1376 inquit
972 1291 1118 1382 (Capito),

107 1381 255 1458 ‘vocatum
288 1389 375 1466 quasi
406 1405 511 1446 manus
543 1381 654 1447 altera'
686 1388 817 1450 Macrob.
845 1387 906 1448 Sat.
932 1391 959 1460 7,
986 1391 1040 1465 13,
1065 1391 1116 1448 14.

107 1477 221 1537 Labeo:
248 1472 452 1535 ‘contractum
471 1521 495 1535 ..
520 1477 601 1536 ultro
625 1477 760 1555 citroque
784 1476 1012 1554 obligationem,
1035 1477 1118 1555 quod

106 1565 213 1626 Graeci
226 1564 415 1644 συνάλλαγμα
429 1560 547 1624 vocant'
563 1566 783 1642 1).50,16,19;
802 1559 898 1642 ‘opus,
912 1567 992 1643 quod
1007 1564 1115 1626 Graeci

22 1694 25 1702 ·
104 1651 285 1733 ἀποτέλεσμα
306 1658 424 1731 vocant,
447 1673 507 1714 non
530 1649 626 1735 ἔργων’
647 1655 683 1712 Ι).
699 1657 750 1730 50,
767 1657 816 1733 16,
832 1657 861 1726 5,
878 1657 906 1716 1.
944 1655 995 1713 sed
1013 1655 1114 1714 Labeo

104 1764 163 1804 non
176 1745 297 1803 tantum
312 1741 456 1802 Graecam
470 1761 573 1802 vocem
588 1762 657 1802 cum
671 1742 779 1802 Latina
793 1743 951 1820 coniungit
963 1736 1013 1824 (D.
1024 1746 1075 1817 28,
1087 1746 1116 1818 7,

106 1835 199 1909 20pr.
229 1825 389 1902 ‘decoctos
416 1826 589 1913 condicio'),
617 1833 669 1890 sed
692 1831 784 1891 etiam
807 1831 985 1890 Latinorum
1007 1833 1114 1892 verbo·
1170 1835 1177 1850 “

105 1941 171 1982 rum
199 1921 331 1998 origines
358 1940 395 1979 ex
418 1919 538 1979 Graecis
566 1921 687 1994 repetit,
720 1938 763 1979 en
791 1939 836 1998 gr.
859 1920 966 1979 turbae
989 1921 1114 1980 verbnm

66 2002 69 2007 ¹
104 2005 173 2070 ‘dat
200 2017 254 2070 cod
281 2003 439 2089 dopoiisiv'
462 2001 513 2090 (D.
532 2011 628 2086 47,·8,
643 2011 672 2087 4,
689 2000 739 2090 2),
764 2007 845 2086 quod
871 2009 982 2069 falsum
1008 2029 1073 2070 esse
1097 2029 1117 2070 a

104 2100 177 2159 viris
195 2099 286 2158 huius
305 2099 349 2157 rei
367 2098 472 2174 peritis
492 2091 913 2179 iudicatur(Pernic0129);
935 2118 996 2159 non
1014 2099 1114 2158 minus

10 2215 11 2264 3
104 2183 197 2266 ‘apud
215 2190 385 2263 praetorem
403 2186 544 2245 iniuriam
557 2185 646 2266 ὕβριν
659 2187 817 2246 dumtaxat
827 2181 1011 2266 'significare'
1026 2192 1115 2264 putat

10 2297 11 2308 ¹
104 2268 342 2358 (0311.2,5,1).
384 2275 507 2353 accedit,
529 2276 609 2351 quod
631 2295 689 2336 non
713 2295 781 2335 raro
805 2271 949 2352 Campani
971 2294 1115 2353 responsa

10 2417 12 2438 ,
106 2365 278 2425 aLabeone
301 2364 443 2424 videntur
465 2365 600 2440 petiisse:
623 2365 814 2425 nominantur
838 2365 916 2424 enim
939 2365 1114 2425 decuriones

106 2454 249 2531 Campani
278 2445 328 2534 (D.
345 2455 395 2526 18,
411 2457 439 2530 1,
455 2445 525 2529 50),
553 2453 735 2530 municipum
763 2454 904 2530 syndicus
931 2444 981 2534 (D.
995 2456 1046 2529 43,
1063 2437 1128 2533 24,
1179 2499 1181 2503 ,

105 2536 225 2622 5,10),
257 2541 410 2601 eunuchus
439 2534 529 2622 (Gall.
549 2546 578 2620 4,
598 2545 627 2619 2,
648 2537 694 2621 7),
727 2559 831 2602 servus
857 2542 997 2602 bonorem
1027 2561 1113 2602 orna·
1179 2621 1181 2626 Ι

104 2634 264 2707 menteque
286 2631 459 2707 petulanter
481 2631 671 2704 adtemptans
693 2648 711 2687 a
733 2630 914 2707 magistratu
936 2629 1113 2704 municipali

104 2719 179 2778 loris
195 2722 301 2794 ruptus
320 2711 371 2800 (D.
386 2722 437 2796 47,
453 2721 504 2795 10,
516 2720 566 2795 15,
578 2712 644 2798 39),
662 2719 765 2776 statue
782 2718 814 2775 in
832 2717 994 2792 municipio
1013 2717 1113 2793 posita
1224 2714 1228 2721 ’

103 2801 156 2890 (Ι).
167 2809 219 2886 44,
231 2809 258 2886 1,
268 2799 335 2890 23),
377 2807 511 2883 Capuam
535 2809 566 2866 et
585 2806 762 2880 Minturnas,
785 2823 861 2883 quas
882 2806 972 2865 urbes
991 2805 1112 2866 Italicas

104 2897 203 2957 Labeo
225 2897 374 2968 nominat,
398 2897 571 2975 Augustum
594 2897 725 2956 colonias
749 2895 906 2956 deduxisse
928 2897 1034 2956 notum
1057 2899 1114 2956 estc
1205 2889 1208 2894 ’

103 2987 175 3046 item
197 2985 433 3062 provincialibus
461 2985 682 3045 consulentibus
706 2985 874 3045 Labeonem
897 2977 1041 3061 responsa
1063 2986 1113 3045 de·

103 3075 181 3136 disse
206 3094 242 3134 ex
264 3073 302 3132 D.
317 3075 346 3150 5,
362 3078 389 3147 1,
406 3077 457 3150 19,
473 3075 491 3132 3
514 3073 585 3133 licet
607 3073 748 3134 conicere.
898 3134 901 3140 ,

190 3163 228 3222 In
259 3181 377 3222 summa
404 3163 447 3222 sic
473 3163 600 3222 fortasse
626 3161 817 3222 iudicandum
844 3162 903 3221 cst:
936 3161 1112 3239 Capitonem

10 3289 11 3310 r
105 3271 170 3312 cnm
196 3252 331 3328 principe
358 3251 389 3310 in
417 3271 452 3311 eo
480 3269 598 3328 quoque
626 3249 744 3325 fecisse,
772 3251 851 3326 quod
878 3251 959 3310 cives
986 3269 1004 3308 a
1030 3269 1112 3325 pere·

10 3621 23 3862 l

106 3341 196 3417 guinis
224 3345 256 3400 et
278 3339 453 3419 provinciis,
481 3339 654 3417 peregrinos
678 3337 715 3396 ab
738 3338 830 3397 Italia
843 3339 997 3399 'removeri
1019 3340 1113 3400 vellet

107 3427 160 3490 hac
177 3431 288 3506 mente,
305 3431 341 3488 ut
359 3446 437 3489 nnus
460 3429 586 3506 quisque
607 3427 735 3503 populus
759 3426 885 3486 maxime
909 3427 971 3486 suis
994 3431 1025 3487 et
1046 3447 1114 3505 pro-

108 3517 177 3592 priis
204 3518 340 3579 moribus
367 3520 515 3594 uteretur,
543 3515 709 3576 Labeonem
738 3515 770 3574 in
795 3515 874 3593 iure,
901 3534 960 3591 quo
982 3517 1113 3592 populus
