2506 3880
142 141 185 206 84
220 141 241 195 1.
269 137 423 193 iurans
454 136 610 192 incoari
632 135 678 190 er
700 135 835 191 urrann
857 134 952 190 rums
975 133 1154 192 consumi

144 307 249 383 scripti
276 306 467 366 nominentur
493 296 545 386 (D.
561 307 589 382 4,
606 307 635 384 3,
650 307 679 382 9,
694 295 742 385 4),
770 302 955 381 dubitamus,
980 303 1065 364 ouius
1087 306 1154 363 tan-

144 397 213 456 dem
234 396 381 471 praetoris
405 393 535 453 edictum
564 394 601 453 ab
632 392 693 452 illis
717 393 898 468 explicatum
922 393 969 452 sit.
1015 395 1095 452 certe
1119 411 1156 452 ex

145 484 316 544 Caracallae
333 483 518 558 temporibus
537 481 617 542 siout
628 481 775 558 praetoris
789 481 939 558 peregrini
953 481 1092 558 officium,
1110 482 1155 542 ita
1201 545 1204 550 Α
1245 483 1246 546 s

145 573 350 634 commentarii
372 572 410 631 ad
434 572 564 632 edictum
587 570 651 630 eins
675 569 831 646 compositi
856 569 886 628 in
908 588 966 629 usu
990 589 1054 630 esse
1078 571 1155 631 desi·

145 665 239 721 erunt.
291 679 484 738 quaecunque
511 662 613 719 autem
645 659 675 718 in
711 659 785 718 iuris
818 659 1024 719 consultorum
1056 662 1156 719 aetate
1245 669 1246 694 l

145 750 317 810 Caracallae
343 749 477 826 priorum
503 748 589 809 libris
617 748 653 807 de
680 747 795 808 urbano
818 748 867 808 vel
889 747 1047 826 peregrino
1070 767 1156 824 prae·
1245 801 1246 804 ,

144 843 208 899 tore
232 843 263 898 et
286 839 322 898 de
340 838 431 898 huius
449 837 498 896 vel
515 836 599 896 illius
618 835 715 896 edicto
732 836 846 896 tradita
864 839 957 910 erant,
981 836 1156 897 Triboniani
1245 855 1246 876 ¹

57 993 61 1001 ,
146 928 298 988 adiutores
325 927 513 1000 deleverunt,
541 928 575 984 ut
602 925 640 984 ad
662 925 882 1003 neglegentiam
905 926 1025 984 tantum
1047 926 1157 985 urbani
1245 991 1246 1002 χ

144 1018 193 1078 vel
219 1015 372 1093 peregrini
398 1014 546 1091 praetoris
575 1032 737 1091 eorumque
764 1013 928 1074 edictorum
952 1033 1021 1074 rara
1043 1014 1156 1075 mentio

146 1105 302 1165 referenda
325 1105 374 1163 sit.
926 1159 928 1164 ,
1245 1103 1246 1114 ’

236 1193 312 1253 Oum
338 1193 376 1252 de
404 1191 579 1252 differentiis
607 1190 686 1250 inter
710 1191 838 1251 dncmm
860 1194 1032 1267 praetorum
1060 1191 1158 1252 edicta

145 1281 399 1342 intercedentibus
416 1299 513 1358 pauca
531 1279 644 1340 tradite
667 1279 736 1356 sint,
759 1282 841 1340 certo
864 1280 982 1340 definiri
1003 1299 1071 1341 raro
1090 1284 1158 1340 tan·

145 1377 211 1431 tum
232 1371 312 1448 licet,
335 1388 411 1447 quae
435 1370 604 1446 fragmenta
621 1367 705 1429 libris
724 1369 762 1428 ad
779 1368 896 1445 urbani,
920 1388 996 1446 qnae
1014 1369 1100 1429 libris
1118 1369 1157 1429 ad

145 1459 297 1537 peregrini
318 1459 468 1534 praetoris
492 1457 623 1517 edictum
646 1457 765 1534 scriptis
788 1456 980 1518 attribuenda
1003 1458 1071 1518 sint.

234 1547 280 1606 De
307 1542 461 1607 institoria
487 1546 604 1607 actione
625 1545 675 1608 vel
696 1546 844 1606 Labeonis
867 1549 966 1606 aetate
988 1566 1049 1606 non
1071 1565 1157 1623 prae·

146 1640 242 1697 torem
268 1636 473 1713 peregrinum,
499 1635 552 1694 sed
577 1637 695 1694 tantum
722 1635 871 1695 urbanum
898 1639 1068 1712 praetorem
1096 1635 1158 1696 edi·

146 1727 225 1785 nisse
246 1724 283 1784 D.
298 1727 326 1798 5,
344 1727 371 1801 1,
388 1727 471 1802 19,3
497 1723 591 1784 docet.
635 1744 664 1785 v.
687 1742 765 1801 quae
787 1723 866 1782 infra
887 1744 916 1800 p.
932 1727 974 1785 94
999 1725 1158 1801 disputabo

147 1816 183 1874 de
201 1813 349 1874 Labeonis
368 1813 454 1873 libris
473 1813 511 1872 ad
530 1812 661 1873 officium
683 1811 831 1888 praetoris
853 1813 1004 1890 peregrini
1027 1814 1159 1890 scriptis.

147 1903 251 1980 itaque
284 1919 478 1980 quaecunque
504 1901 605 1961 Labeo
638 1901 674 1960 de
707 1901 823 1962 actione
853 1902 1007 1963 institoria
1033 1903 1090 1980 ait,
1123 1922 1160 1962 ex

147 1992 232 2050 libris
270 1990 307 2049 ad
323 1991 491 2066 ‘praetoris
524 1989 632 2049 urbani
665 1990 795 2049 edictum
828 1991 950 2067 scriptis
982 1991 1161 2069 deprompta

149 2083 229 2139 sunt
270 2077 406 2138 addenda
429 2081 530 2138 autem
551 2077 692 2138 videntur
714 2099 790 2156 quae
810 2079 845 2138 de
863 2079 1026 2140 tributoria
1043 2081 1160 2142 actione

149 2168 199 2229 vel
230 2167 268 2226 ad
300 2167 429 2226 edictum
461 2161 558 2243 ‘qnod
587 2185 655 2226 cum
682 2184 717 2226 eo
746 2167 797 2244 qui
823 2168 854 2226 in
883 2168 981 2229 aliena
1007 2171 1161 2245 potestate

151 2249 208 2316 est'
238 2255 364 2331 scripsit.

239 2342 344 2404 Cetera
363 2344 542 2422 fragmenta,
556 2362 750 2420 quaecunque
769 2345 945 2406 alterutrius
963 2347 1061 2422 operis
1081 2351 1162 2420 sunt,

149 2452 217 2494 oum
245 2433 291 2492 his
318 2434 367 2494 vel
394 2433 456 2492 illis
481 2433 630 2493 Labeonis
657 2432 742 2493 libris
769 2437 849 2495 certo
877 2434 1043 2496 adscribere
1072 2437 1162 2496 hodie

149 2540 209 2582 non
230 2522 327 2597 liceat,
351 2521 531 2584 coniunctim
553 2520 745 2598 proponenda
767 2526 845 2583 sunt.

478 2753 480 2757 ’
576 2736 685 2796 Liber
707 2736 730 2795 I.

190 2845 288 2920 ‘Quod
310 2853 410 2910 metus
432 2869 525 2911 causa
546 2854 666 2928 gestum
690 2851 759 2929 erit,
781 2856 880 2912 ratum
904 2873 964 2913 non
985 2850 1125 2916 habebo'.

242 2961 271 3024 l.
303 2958 343 3024 D.
362 2961 417 3043 50,
439 2961 493 3039 16,
514 2961 564 3025 19.
613 2958 773 3044 Ulpianus
805 2963 888 3029 libro
920 2963 1090 3030 undecimo
1122 2967 1164 3030 ad

152 3049 301 3114 edictum.
314 3085 358 3095 -
371 3047 481 3114 Labeo
499 3049 584 3114 libro
603 3049 708 3134 primo
727 3053 886 3135 praetoris
906 3052 1020 3118 urbani
1039 3053 1165 3139 definit,

153 3138 237 3222 quod
266 3138 423 3222 quaedam
451 3137 632 3224 ‘agantur'‚
663 3139 818 3223 quaedam
847 3139 1037 3226 ‘geranur’,
1066 3164 1165 3226 quae-

153 3227 227 3291 dam
246 3225 514 3292 ‘contrahantur't
533 3231 566 3292 et
586 3232 694 3293 actum
713 3229 841 3312 quidem
860 3231 1008 3315 generale
1026 3233 1164 3298 verbum

154 3337 234 3397 esse,
254 3314 321 3378 sive
340 3315 445 3381 verbis
465 3315 532 3380 sive
549 3338 584 3380 re
603 3317 679 3401 quid
698 3321 822 3402 agatur,
844 3319 933 3383 utin
952 3319 1166 3400 stipulatione

154 3401 206 3464 vel
225 3403 456 3487 numeratione,
475 3409 673 3470 contractum
693 3409 800 3470 autem
818 3406 902 3471 ultro
921 3408 1064 3492 citroque
1084 3411 1166 3475 obli·

155 3489 332 3574 gationem,
375 3492 461 3576 qnod
502 3491 616 3558 Graeci
649 3493 863 3579 συνάλλαγμα
895 3500 1025 3582 vocant,
1062 3499 1167 3564 veluti
