2508 3896
383 179 408 228 γ2.
433 173 616 230 MASURIUS
635 173 790 230 SABINUS
1026 175 1093 240 563

90 336 313 403 tantummodo
327 359 385 421 per
401 337 653 422 quinquennium
668 336 728 421 die,
747 340 905 422 quatenus
919 338 948 403 ei
966 337 1097 405 licentia

88 425 131 490 sit
158 426 191 490 in
220 448 312 490 suam
340 427 454 491 silvam
483 427 558 491 inde
581 427 719 491 transire
742 433 775 490 et
798 426 928 493 arbores
952 428 1096 493 excidere

86 515 135 579 vel
161 513 281 597 faeere,
308 514 464 599 quidquid
490 514 521 580 ei
548 514 644 580 fuerit
666 514 786 598 visum,
815 520 848 580 et
871 517 1097 602 quaerebatur,

85 604 211 689 quando
239 603 423 669 huiusmodi
451 605 590 670 servitus
617 625 685 668 non
711 603 831 668 utendo
859 604 1035 689 amittitur,
1062 611 1096 671 et

85 693 213 776 quidem
245 696 455 776 putaverunt,
488 692 517 758 si
548 693 582 757 in
614 694 719 776 primo
746 694 797 757 vel
831 693 970 758 seeundo
1003 695 1095 778 quin·

84 782 221 865 quennio
244 802 396 864 peream
419 783 505 846 viam
528 802 594 847 non
615 781 697 846 itum
721 789 778 865 est,
802 781 935 847 eandem
958 784 1095 847 servitu-

42 939 44 942 ,
82 874 148 934 tem
175 871 304 955 penitus
331 869 406 935 tolli
433 870 526 956 quasi
553 891 611 954 per
634 870 801 936 biennium
824 893 862 936 ea
883 892 951 936 non
971 872 1094 936 utendo

85 958 260 1044 deperdita,
275 959 406 1044 singulo
420 958 471 1024 die
486 959 697 1044 quinquennii
711 981 772 1044 pro
786 981 872 1025 anno
885 959 1096 1045 numerando,

17 1059 20 1066 ’
84 1047 155 1112 eliis
179 1047 276 1112 aliam
300 1048 494 1113 sententium
517 1047 785 1133 eligentibus

170 1154 222 1219 20.
255 1153 293 1218 D.
309 1154 339 1239 8,
355 1156 382 1239 1,
397 1153 427 1220 9.
478 1152 591 1219 Celsus
621 1153 705 1220 libro
739 1154 854 1241 quinto
883 1152 1093 1239 Digestorum

81 1238 131 1330 (P.
147 1239 216 1330 31).
236 1277 278 1291 -·
297 1291 328 1309 ..
346 1242 502 1325 constitit,
524 1247 562 1307 ut
579 1263 643 1327 que
660 1244 800 1328 primum
819 1243 906 1308 viam
924 1243 1095 1308 direxisset

81 1332 137 1414 (so.
159 1333 189 1396 is
218 1332 269 1396 oui
297 1332 489 1416 simpliciter
512 1331 565 1395 via
615 1352 649 1396 er
676 1331 811 1396 fundum
835 1332 1037 1415 cuiuspiam
1060 1333 1095 1395 in

83 1420 156 1485 niro
176 1421 309 1486 cedatur
326 1422 377 1486 vel
395 1355 620 1507 relinquatur}
643 1443 682 1484 ea
702 1421 830 1485 demum
853 1422 899 1484 ire
923 1439 1020 1504 egere
1043 1420 1095 1484 de·

82 1509 175 1575 beret
202 1531 262 1574 neo
286 1509 422 1594 emplius
445 1508 618 1574 mutandae
636 1511 710 1574 'eius
733 1512 927 1593 potestatem
950 1509 1096 1592 baberet,

82 1597 177 1663 sicuti
207 1597 326 1664 Sabino
359 1619 485 1683 quoque
511 1598 693 1682 videbatur,
726 1599 782 1683 qui
809 1601 1001 1682 argumento
1029 1597 1094 1662 rivi

80 1687 246 1768 utebatur,
276 1708 371 1771 quem
398 1688 503 1771 primo
528 1687 673 1769 quolibet
696 1685 808 1752 dooere
832 1687 992 1770 licuisset,
1018 1707 1093 1770 pos-

63 1778 235 1861 teaquam
258 1775 371 1841 duetus
395 1779 489 1861 esset,
511 1774 686 1840 transferre
709 1796 777 1841 non
799 1776 918 1842 liceret.

510 1975 557 2035 De
580 1995 665 2050 oque.

171 2102 217 2161 De
238 2101 345 2160 itinere
368 2117 464 2177 aquae
487 2099 627 2160 dixerunt
650 2098 683 2170 Q.
706 2100 822 2160 Mucius
846 2093 875 2182 (I
893 2120 921 2177 p.
938 2102 988 2161 94.
1005 2094 1096 2180 104),

80 2189 206 2252 Servius
229 2183 270 2270 (p.
288 2191 359 2250 195.
375 2181 463 2269 236),
487 2185 593 2248 Ofilius
617 2181 659 2270 (p.
675 2180 764 2270 343),
787 2189 887 2250 Labeo
911 2182 993 2272 (IIp.
1007 2181 1095 2272 131).

170 2293 223 2357 21.
255 2289 294 2355 Ι).
314 2290 345 2376 8,
363 2291 393 2375 1,
411 2290 440 2355 9.
491 2288 602 2355 Celeus
629 2290 713 2354 libro
743 2290 856 2375 quinto
884 2289 1093 2376 Digestorum

79 2379 129 2468 (P.
144 2378 214 2465 31).
239 2415 277 2427 -
304 2383 552 2464 ..argumento
579 2379 642 2443 rivi
673 2379 826 2444 utebatur
853 2377 911 2465 (so.
930 2377 1094 2464 Sabinus),

79 2491 179 2554 quem
215 2468 320 2553 primo
358 2467 504 2551 qualibet
540 2467 654 2532 ducere
686 2466 843 2550 licuisset,
879 2471 1093 2553 posteaquam

80 2558 197 2624 duetus
220 2561 320 2640 esset,
342 2555 517 2622 mansione
539 2576 605 2620 non
629 2553 749 2620 liceret.

170 2663 236 2730 22?
264 2662 302 2728 D.
318 2662 348 2742 8,
363 2663 392 2744 2,
406 2663 459 2728 28.
504 2660 621 2725 Paulus
649 2660 735 2726 libro
763 2661 876 2745 quinto
905 2660 1028 2727 decimo
1052 2662 1093 2726 ad

77 2753 236 2820 Sabinum
266 2750 316 2839 (P.
332 2751 442 2835 1881).
468 2785 507 2797 -
531 2749 690 2815 Foramen
717 2749 751 2814 in
779 2750 845 2814 imo
873 2750 997 2833 pariete
1020 2771 1093 2816 oon-

76 2844 183 2909 elavis
202 2842 253 2906 vel
272 2839 415 2924 triclinii,
433 2839 503 2923 (si)
522 2839 605 2923 quod
626 2842 711 2902 esset
728 2838 896 2922 proluendi
914 2839 1094 2924 pavimenti

77 2954 196 3017 eausa,
227 2931 261 2995 id
288 2951 391 3014 neque
418 2928 536 2993 flumen
564 2948 634 2993 esse
661 2948 765 3011 neque
792 2931 937 3013 tempore
966 2927 1093 3011 adquiri

76 3022 214 3107 placuit.

449 3148 497 3206 De
519 3164 596 3220 oquo
613 3147 728 3220 plionia

172 3270 225 3336 23.
247 3266 286 3332 D.
300 3267 352 3350 39,
366 3266 397 3352 3,
413 3267 441 3348 1,
455 3265 485 3331 8.
521 3263 679 3349 Ulpianus
700 3264 784 3329 libro
800 3265 1091 3350 quinquagensimo

76 3359 180 3427 tertio
200 3357 241 3423 ud
260 3356 399 3423 edietum
413 3351 462 3443 (P.
480 3353 590 3436 1286).
604 3389 646 3400 -
666 3404 691 3419 ..
706 3351 845 3419 Sabinus
860 3351 991 3419 Cassius
1011 3375 1093 3438 opus

74 3470 180 3514 manu
206 3447 330 3511 laetum
357 3445 391 3509 in
418 3445 502 3508 hane
528 3443 688 3508 actionem
712 3443 821 3508 venire
845 3443 949 3524 aiunt,
975 3443 1093 3509 nisisi

75 3537 156 3625 quid
183 3535 253 3621 agri
276 3533 402 3600 colendi
425 3553 521 3599 eausa
544 3533 610 3598 fiat.

878 3634 933 3689 36*
