2512 3888
415 165 440 214 2.
465 158 650 216 MASURIUS
671 158 824 215 SABINUS
1062 157 1125 222 397

110 329 225 388 ,laetum
253 327 301 387 611,
346 325 510 402 Ulpianum
537 346 608 396 vero
636 328 728 387 libros
756 327 794 386 ad
818 325 959 386 Sabinum
985 326 1032 386 bis
1063 326 1123 386 edi·

110 417 189 476 disse
211 416 271 476 viri
294 416 373 477 16611
396 415 465 475 inde
490 411 649 493 eolligunt,
678 416 758 492 quod
781 415 965 476 Iustinianus
988 434 1011 475 6.
1036 414 1125 475 Cordi

110 504 170 582 §3
198 505 272 565 haee
304 503 412 566 tradit:
445 499 489 564 ‘iu
521 505 653 582 antiquis
686 505 796 563 etenim
827 504 910 563 libris
938 522 998 565 non
1026 505 1121 564 solum

106 594 222 672 primas
246 594 401 670 editiones,
424 593 587 654 sedetiam
606 592 759 668 seoundas,
783 611 857 670 quas
874 593 1020 670 repetitae
1039 612 1124 669 prae·

108 683 247 743 leotionis
275 685 392 745 veteres
418 681 626 760 nominabant,
655 683 829 741 subsecutas
857 699 922 740 esse
947 681 1123 756 invenimus,

106 772 189 848 qnod
226 791 261 831 ex
293 771 378 831 libris
410 770 533 848 Ulpiani
564 771 623 830 viri
653 770 877 845 prudentissimi
908 769 946 829 ad
979 770 1124 831 Sabinum

110 860 229 936 seriptis
248 862 421 936 promptum
440 863 505 920 erat
524 859 737 937 quaerentibus
753 852 903 935 reperire’.
936 859 973 918 of.
988 859 1124 938 Krueger

108 969 139 1026 p.
164 951 237 1010 219.
283 949 442 1028 Dernburg
468 949 567 1008 Instit.
591 946 643 1008 166
667 946 760 1007 Gaius
783 968 812 1025 p.
834 950 895 1009 102
920 967 948 1007 n.
967 950 997 1007 4.
1022 952 1124 1007 eontra

108 1038 229 1116 Fitting
251 1038 312 1098 Das
331 1041 482 1098 castrense
500 1036 597 1114 peoul.
616 1057 644 1113 p.
663 1036 778 1096 XXXII
797 1057 825 1095 n.
847 1039 887 1097 18
906 1037 1032 1096 iudioat:
1055 1031 1123 1096 ‘Dio

108 1126 205 1187 ,816116
234 1127 286 1186 der
314 1129 407 1188 const.
431 1126 521 1188 Oordi
544 1123 563 1202 ξ
584 1128 603 1186 3
698 1127 794 1186 bietet
820 1126 869 1184 fllr
896 1124 944 1184 die
968 1126 1123 1185 Annahme

108 1216 194 1276 einer
233 1215 358 1275 zweiten
393 1214 537 1293 Ausgabo
577 1215 629 1274 166
666 1213 993 1274 Sabinuscommentars
1030 1215 1125 1274 selbst

110 1303 285 1364 schwerlioh
314 1305 400 1363 einen
432 1303 627 1382 gendgenden
655 1298 788 1364 Anhalt'.
839 1303 979 1363 Karlowa
1006 1321 1124 1379 quoque

108 1393 164 1468 Ip.
181 1394 244 1452 744
269 1391 397 1452 dubitat.
430 1393 483 1452 sed
506 1411 573 1452 oum
596 1410 682 1451 nemo
707 1387 822 1469 166661,
845 1392 916 1468 quid
939 1391 1124 1452 Iustinianus

109 1480 209 1540 verbis
235 1480 298 1540 illis
324 1499 356 1539 re
383 1499 456 1542 vera
482 1479 706 1558 significaverit,
729 1481 879 1541 dubitatio
902 1499 1010 1558 parum
1032 1480 1125 1540 habet

109 1568 244 1628 rationis.
289 1569 326 1628 ef.
345 1567 377 1629 P.
396 1569 428 1628 H
447 1570 501 1629 661.
523 1570 606 1629 1019
627 1587 655 1626 n.
676 1570 705 1629 2.
736 1570 839 1646 itaque
858 1589 927 1629 uum
946 1573 977 1629 et
994 1569 1125 1644 repetita

110 1655 215 1718 Sabini
237 1657 409 1748 praelectio,
437 1677 497 1735 qua
521 1657 720 1716 Tribonianus
742 1675 816 1716 usus
840 1660 894 1734 est,
926 1661 956 1717 61
978 1657 1123 1718 librorum

110 1747 150 1806 ad
174 1745 305 1805 edietum
328 1748 410 1821 prior
432 1765 502 1822 pars
526 1739 656 1823 (66111661
677 1745 748 1805 libri
765 1738 865 1824 I-L)
890 1744 1046 1806 Caracalla
1068 1746 1123 1807 im·

109 1837 234 1912 perante
258 1834 426 1911 conscripta
449 1836 499 1911 sit,
520 1834 614 1894 libros
638 1834 676 1892 ad
700 1833 845 1893 Sabinum
872 1837 941 1894 ante
964 1835 1056 1894 libros
1085 1835 1124 1894 ad

110 1923 241 1984 edietum
268 1923 364 1984 editos
396 1941 461 1983 esse
497 1923 676 1984 eredendum
710 1927 762 1983 est.
809 1923 861 1983 sed
883 1923 962 1983 libro
995 1924 1123 1984 XXXIII

111 2012 150 2072 61
178 2011 322 2072 Sabinum
349 2011 497 2089 Ulpianus
523 2012 594 2073 libri
626 2011 738 2072 XXXV
770 2012 809 2072 ad
840 2013 971 2072 edietum
998 2014 1123 2074 mentio·

110 2101 287 2161 6616166116

155 2206 224 2284 Ulp.
253 2207 291 2266 ad
319 2206 387 2268 Sab.
414 2208 433 2268 l
461 2208 591 2268 XXXIII
689 2208 757 2285 Ulp.
785 2208 823 2269 ad
855 2209 942 2269 61161.
969 2209 1124 2269 LXXXV

110 2296 148 2355 D.
163 2298 213 2372 24,
231 2299 259 2372 1,
274 2298 324 2374 32,
340 2297 503 2357 27.-si
522 2294 590 2375 quis
645 2299 679 2358 D.
707 2300 757 2375 23,
778 2303 806 2374 1,
827 2301 855 2359 9.
878 2330 922 2340 -
946 2297 1123 2369 Quaesitum

112 2402 253 2460 sponsam
289 2385 443 2462 habuerIt,
484 2386 590 2445 deinde
645 2389 691 2447 est
705 2385 785 2461 apud
803 2387 963 2464 Iulianum,
981 2406 1020 2446 an
1034 2407 1121 2464 spon·

112 2474 238 2532 eandem
252 2493 375 2534 uxorem
390 2474 509 2534 duxerit
522 2492 591 2534 eum
645 2474 721 2533 salia
740 2475 809 2551 sint,
828 2478 898 2535 ante
913 2476 1123 2536 duodecimum

111 2580 171 2620 non
200 2563 318 2638 liceret,
350 2580 389 2620 an
416 2562 590 2640 donationes
645 2580 755 2620 annum
766 2562 792 2620 si
801 2563 914 2622 fuerint
922 2564 1046 2639 nuptiae
1057 2566 1122 2623 6616

112 2651 200 2727 quasi
226 2652 257 2710 in
281 2649 469 2726 sponsalibus
492 2651 590 2710 166166
645 2652 754 2709 brutae.
794 2653 825 2709 61
843 2668 959 2727 semper
976 2650 1123 2712 Labeonis

111 2741 244 2817 valeant,
257 2739 421 2800 videamus.
453 2741 485 2798 61
498 2738 591 2798 Ι6116-
645 2739 824 2798 sententiam
860 2739 985 2815 probavi
1023 2740 1124 2800 existi·

112 2847 169 2888 nus
196 2831 310 2888 tractat
336 2829 413 2887 hano
440 2828 591 2904 quaestio·
644 2827 763 2904 mantis,
782 2826 808 2887 si
824 2827 944 2905 quidem
958 2845 1123 2904 praecesse-

112 2937 182 2978 nem
217 2917 249 2977 in
285 2917 398 2977 minore
435 2917 591 2977 duodecim
644 2915 706 2976 rint
728 2918 879 2994 sponsalia

112 3006 212 3085 annis,
245 3006 271 3066 si
296 3007 329 3065 in
356 3006 477 3066 domum
504 3007 591 3084 qnaei
689 3025 778 3082 quam
802 3006 981 3066 sententiam
1003 3004 1123 3082 Papini-

112 3095 216 3155 mariti
234 3095 385 3155 inmatura
404 3094 445 3154 sit
463 3095 590 3154 deducta
644 3111 720 3154 anus
742 3114 860 3171 quoque
883 3095 1000 3172 probat.

112 3185 249 3244 ...sed
283 3188 329 3243 est
361 3183 474 3257 661166,
510 3185 590 3259 qnod

112 3271 246 3332 Labeoni
263 3272 384 3332 videtur
401 3275 433 3332 61
451 3291 469 3331 6
486 3271 590 3331 nobis

113 3365 144 3420 61
163 3360 360 3436 aPapiniano
380 3361 457 3420 libro
477 3360 591 3420 decimo

113 3449 591 3525 quaestionumprobatumest,

112 3541 297 3614 mnus
