2568 3890
140 119 209 188 260
244 120 265 174 1.
289 117 443 173 Annuus
462 116 619 173 Acunsu
638 116 685 170 nr
704 116 839 172 rinnau
856 116 953 172 roais
973 116 1153 174 corsuum
1267 105 1268 110 ‘

521 286 567 345 De
589 287 771 346 condictione.

231 398 304 462 184.
328 395 366 460 D.
379 397 430 477 12,
440 395 470 478 5,
479 397 510 476 4,
519 397 550 462 3.
584 393 745 480 Ulpianus
763 395 847 460 libro
867 395 1040 461 vicensimo
1060 401 1153 462 sexto

141 487 181 551 ad
218 487 358 552 edietum
396 484 444 570 (P.
469 483 577 568 trab).
606 521 649 532 —
677 532 711 548 ..
740 485 825 569 quod
860 485 1017 550 meretrici
1050 484 1153 567 datur,

142 575 246 660 repeti
269 597 334 640 non
352 578 471 660 potest,
494 578 531 638 ut
549 573 657 638 Labeo
676 579 709 638 et
727 572 901 638 Marcellus
921 574 1073 656 scribunt,
1097 575 1154 638 sed

141 686 226 729 nova
252 665 390 746 ratione,
419 685 486 728 non
510 685 560 746 ea,
588 662 675 747 quod
706 665 871 747 utriusque
895 662 1061 746 turpitudo
1085 684 1154 727 rer·

141 756 244 838 satur,
277 753 332 817 sed
361 752 460 816 solius
489 751 607 816 dantis:
642 751 733 815 illam
760 752 846 814 enim
875 750 1012 834 turpiter
1039 751 1154 835 facere,

142 842 225 925 quod
262 841 306 906 sit
337 840 503 923 meretrix,
539 861 603 905 non
634 840 774 924 turpiter
811 839 968 922 accipere,
1006 861 1077 904 cum
1111 840 1155 904 sit

142 929 302 994 meretrix.

406 1022 452 1081 De
473 1024 545 1095 facti
568 1027 593 1081 et
614 1024 690 1082 iuria
712 1024 887 1097 ignorantia.

231 1141 304 1208 185.
334 1139 371 1206 D.
391 1142 443 1224 22,
457 1142 487 1224 6,
501 1141 531 1225 9,
545 1142 574 1206 2.
589 1142 618 1207 3.
669 1140 789 1205 Paulus
818 1140 900 1205 libro
930 1139 1086 1225 singulari
1114 1139 1154 1205 de

142 1231 222 1296 iuris
254 1237 286 1295 et
312 1229 390 1295 facti
417 1230 603 1314 ignorantia
630 1229 681 1316 (P.
704 1230 793 1315 908).
821 1266 864 1276 —
892 1277 927 1295 ..
954 1229 1033 1294 facti
1062 1228 1154 1313 igno·

142 1321 248 1386 rantia
270 1321 318 1384 ita
342 1319 469 1383 demum
492 1319 606 1404 cuique
629 1341 695 1383 non
717 1323 820 1402 nocet,
845 1318 873 1382 si
895 1339 961 1382 non
980 1318 1009 1382 ei
1028 1339 1156 1382 samma

143 1408 349 1494 neglegentia
372 1407 531 1472 obiciatur
550 1456 602 1473 ...
622 1411 654 1472 et
673 1456 702 1472 ..
721 1405 830 1472 Labeo
855 1407 967 1471 definit
985 1406 1155 1471 scientiam

142 1519 247 1582 neque
276 1496 486 1562 curiosissimi
509 1518 610 1580 neque
632 1496 913 1583 neglegentissimi
937 1495 1079 1560 hominis
1104 1516 1156 1561 ae·

145 1586 340 1673 cipiendam,
375 1607 488 1650 verum
525 1586 606 1668 eius,
642 1587 697 1670 qui
734 1607 807 1650 cum
841 1606 911 1649 eam
944 1606 1011 1650 rem
1043 1582 1156 1670 curet²,

145 1675 315 1760 diligenter
342 1675 531 1759 inquirendo
558 1678 670 1738 notam
695 1674 814 1739 habere
837 1673 949 1758 possit.
996 1673 1051 1738 sed
1074 1673 1155 1738 iuris

145 1764 364 1850 ignorantiam
403 1785 469 1828 non
512 1764 663 1848 prodesse
703 1760 811 1828 Labeo
852 1763 899 1827 ita
936 1761 1156 1846 accipiendum

145 1853 323 1933 existimat,
357 1853 384 1916 si
415 1852 494 1916 iuris
528 1851 665 1917 consulti
698 1852 826 1937 copiam
856 1851 991 1915 haberet
1017 1851 1068 1915 vel
1097 1872 1157 1915 sua

144 1941 315 2026 prudentia
347 1941 524 2006 instructus
553 1942 608 2026 sit,
640 1946 690 2023 ut,
722 1940 774 2005 cui
804 1940 899 2006 facile
926 1940 970 2005 sit
998 1939 1092 2024 seire,
1124 1939 1156 2004 ei

145 2029 337 2094 detrimento
368 2028 411 2094 ait
439 2030 519 2094 iuris
553 2028 774 2114 ignorantia<,
805 2029 856 2094 cui
887 2050 954 2093 non
985 2028 1079 2093 facile
1111 2029 1156 2093 sit

145 2117 236 2202 scire,
258 2119 287 2181 ei
311 2118 502 2182 detrimento
525 2139 590 2182 non
613 2117 686 2202 sit>

502 2299 645 2359 Deionis
667 2301 795 2359 dictione.

237 2419 310 2484 186.
328 2418 366 2483 D.
381 2419 412 2502 2,
427 2417 455 2502 l,
470 2419 500 2483 6.
539 2417 658 2483 Paulus
681 2419 765 2482 libro
790 2418 928 2483 secundo
953 2418 993 2482 ad
1017 2417 1156 2483 edictum

147 2505 196 2595 (P.
215 2507 280 2592 96).
305 2506 466 2573 -si
488 2508 525 2590 is,
548 2508 603 2592 qui
626 2507 794 2572 mandarit
817 2506 1082 2590 iurisdictionem,
1104 2507 1157 2571 de·

147 2595 292 2681 cesserit,
321 2601 494 2681 antequam
521 2618 572 2661 res
600 2597 717 2680 abeo,
745 2597 796 2661 cui
820 2595 970 2660 mandata
993 2599 1042 2660 est
1064 2596 1156 2660 iuris·

146 2685 255 2770 dictio,
279 2687 348 2771 geri
371 2687 521 2769 coeperit,
544 2687 626 2751 solvi
649 2686 840 2750 mandatum
860 2682 970 2750 Labeo
994 2686 1048 2769 ait,
1072 2685 1157 2750 sicut

145 2775 180 2839 in
199 2775 329 2859 reliquis
348 2775 461 2840 causis.

491 2887 537 2944 De
559 2887 663 2944 colotis
685 2887 813 2947 comitiis,

238 2995 310 3062 187.
341 2993 422 3060 Gell.
439 2995 643 3080 15,27,1.2.
669 3030 706 3042 -
732 2993 772 3058 In
799 2995 882 3060 libro
911 2993 1013 3061 Laelii
1041 2993 1157 3060 Felicis

147 3085 188 3150 ad
209 3083 245 3161 Q.
262 3084 405 3150 Mucium
424 3085 529 3168 primo
550 3083 703 3167 scriptum
724 3087 782 3168 est,
806 3084 990 3149 Labeonem
1009 3084 1157 3164 scribere,

148 3174 255 3239 calata
291 3171 424 3240 comitia
461 3194 544 3257 esse,
582 3195 663 3258 qnae
696 3194 754 3256 pro
788 3173 935 3258 conlegio
967 3172 1157 3257 pontificum

147 3262 309 3327 habentur
346 3267 401 3326 aut
437 3262 524 3348 regis
561 3265 618 3327 aut
658 3262 826 3326 flaminum
862 3261 1158 3347 inaugurandorum

148 3372 255 3416 causa.
291 3373 402 3417 eorum
427 3356 534 3416 autem
554 3351 619 3416 alia
638 3373 708 3416 csse
727 3351 861 3436 curiata,
882 3352 945 3415 alia
964 3351 1157 3416 centuriata:

221 3496 235 3543 1
256 3489 303 3546 1⁴⁷1.
321 3493 361 3546 ut.
