2508 3896
401 198 427 247 2.
450 191 635 247 Maenalos
658 191 812 248 SABINUS
1044 193 1108 257 571

101 355 129 421 si
156 377 177 420 a
203 354 390 420 fideiussore
413 356 481 419 eiua
504 358 647 440 petatur,
674 377 715 420 an
738 377 842 440 poena
864 355 1110 421 committatur?

171 445 269 509 etita
288 441 426 509 Sabinas
445 444 572 526 scribit3
592 465 670 509 nam
688 451 727 529 τῇ
747 444 887 528 δυνάμει
906 466 925 508 a
944 466 1000 510 reo
1018 445 1109 529 petit

410 601 453 656 De
471 599 619 656 coxalibus
636 602 799 656 actionibus.

191 704 241 768 11.
277 701 316 768 D.
339 703 392 784 47,
417 703 445 784 7,
469 702 499 785 7,
522 701 553 767 5.
608 697 766 787 Ulpianus
802 701 886 767 libro
919 702 1109 787 trigensimo

99 795 216 856 octavo
246 791 285 854 ad
311 790 451 856 edictum
475 789 524 876 (P.
540 789 651 874 1073).
674 827 716 840 -
739 839 770 856 ..
794 791 823 855 si
846 812 938 856 servo
962 813 1021 856 sno
1044 813 1111 856 non

99 880 300 964 praeceperit
330 879 479 944 dominns
512 875 569 966 (sc.
598 882 635 944 nt
662 879 794 945 arbores
822 880 945 944 alienas
973 879 1111 964 caedat),

99 969 157 1032 ssd
181 969 249 1052 ipsc
273 990 332 1032 sua
353 968 523 1034 voluntate
547 968 580 1032 id
600 967 775 1052 admiserit,
800 966 939 1033 Sabinus
957 969 1007 1033 ait
1025 989 1110 1034 com·

99 1062 212 1142 petere
236 1057 366 1139 noxale,
389 1060 426 1121 nt
448 1056 482 1120 in
506 1056 622 1122 ceteris
646 1056 822 1124 maleficiis.

107 1207 110 1217 .
191 1146 241 1211 12.
266 1145 305 1211 D.
315 1146 448 1231 9,4,21,
459 1145 489 1211 6.
530 1144 691 1229 Ulpianus
714 1146 798 1211 libro
820 1145 993 1212 vicensimo
1012 1147 1109 1212 tertio

99 1235 142 1300 ad
170 1234 308 1302 edictum
332 1232 381 1321 (P.
396 1231 485 1320 681).
509 1271 551 1280 -
575 1231 610 1298 si
636 1235 859 1300 iusiurandum
886 1236 994 1324 exegit
1021 1239 1113 1300 actor

96 1345 236 1407 reusque
254 1324 372 1388 inravit
384 1319 443 1410 (sc.
463 1345 497 1388 se
516 1344 644 1388 serrum
661 1324 694 1387 in
709 1327 872 1409 potestate
885 1346 952 1390 non
966 1321 1110 1411 habere),

98 1411 214 1480 deinde
241 1417 355 1496 postea
383 1411 495 1477 noxali
522 1411 600 1476 velit
631 1417 721 1477 actor
753 1413 904 1498 experiri,
936 1413 1111 1478 videndum

95 1506 163 1586 est,
191 1523 233 1566 an
255 1501 401 1585 exceptio
423 1500 632 1566 iurisiurandi
654 1501 770 1567 debeat
792 1501 945 1567 adversus
968 1506 1111 1567 actorem

97 1591 179 1655 dari.
230 1595 263 1655 et
291 1588 429 1655 Sabinus
461 1593 556 1675 putat
583 1611 647 1654 non
676 1612 746 1655 esse
775 1590 925 1673 dandam,
953 1591 1045 1675 qnasi
1072 1590 1110 1654 de

95 1679 164 1744 alia
190 1701 225 1743 rc
253 1678 296 1744 sit
324 1681 477 1763 iuratum,
504 1679 565 1744 hoc
593 1684 643 1742 est
669 1683 746 1744 tnnc
773 1700 839 1744 non
866 1680 967 1744 fuisse
994 1681 1028 1744 in
1056 1702 1111 1763 po·

94 1771 227 1833 testate.
276 1767 371 1833 modo
394 1789 471 1833 rero
498 1788 571 1832 cum
599 1768 632 1832 in
660 1770 822 1851 potestate
846 1768 1112 1854 deprehendatur,

95 1857 138 1934 d'e
163 1856 249 1921 facto
273 1857 341 1920 eins
364 1878 458 1940 posse
482 1856 544 1941 agi.

192 1945 242 2011 13.
269 1942 308 2010 D.
323 1946 354 2026 2,
368 1946 398 2025 9,
412 1946 443 2010 4.
484 1944 584 2010 Gaius
605 1945 689 2010 libro
710 1949 800 2012 sexto
820 1946 860 2011 ad
879 1946 1112 2030 edietnmp10÷

95 2034 236 2100 vinciale
258 2030 308 2121 (P.
330 2034 417 2121 129).
441 2068 481 2081 —
507 2033 542 2099 si
573 2056 645 2099 cum
672 2055 737 2099 nno
760 2055 799 2101 ex
823 2035 965 2101 dominis
985 2033 1111 2100 noxali¹

96 2125 225 2209 agetur,
244 2145 286 2187 an
304 2145 363 2206 pro
381 2127 474 2208 parte
491 2122 570 2189 socii
584 2122 742 2188 satisdare
757 2123 872 2189 debet?
905 2121 955 2189 et8
971 2123 1110 2189 Sabinus

95 2213 149 2278 ait
163 2233 230 2276 non
244 2211 369 2294 debere,
384 2212 459 2296 qnia
475 2211 711 2297 quodammodo
721 2216 828 2278 totum
844 2235 937 2279 snum
947 2213 1111 2279 hominem

95 2300 293 2382 defenderet,
316 2302 368 2367 cni
390 2302 425 2364 in
448 2300 588 2367 solidum
611 2300 801 2367 defendendi
820 2303 996 2368 necessitas
1017 2307 1112 2386 esset,

94 2410 160 2454 nec
183 2389 325 2473 auditur,
349 2389 377 2455 si
400 2411 459 2474 pro
482 2395 574 2475 parte
597 2393 731 2474 paratus
756 2391 799 2455 sit
822 2391 999 2457 defendere.

447 2522 505 2602 ''De
522 2562 598 2602 serso
615 2551 752 2616 corrupto.
1241 2599 1242 2632 3

193 2645 242 2710 14.
280 2646 318 2714 D.
340 2648 560 2729 11‚3,14,2.
611 2644 843 2710 Paulnslibro
872 2646 1110 2712 nonodecimo

95 2736 140 2800 ad
166 2733 304 2801 edictum
329 2735 378 2820 (P.
393 2736 483 2820 307).
507 2772 549 2782 -
569 2733 604 2801 Si
628 2755 739 2800 servus
763 2737 941 2799 communis
964 2755 1055 2799 mens
1079 2738 1112 2800 ct
1240 2749 1241 2760 ¹

92 2830 176 2890 tuns
199 2826 364 2908 proprium
388 2846 494 2889 meum
518 2847 648 2890 serrum
671 2823 858 2907 corruperit,
882 2821 1020 2887 Sabinus
1044 2845 1110 2890 non
1239 2819 1240 2834 ³

93 2934 197 3000 posse
221 2914 275 2998 agi
298 2935 371 2978 cnm
396 2914 498 2996 socio,
521 2913 653 2998 perinde
677 2917 774 2996 atque
798 2910 825 2975 si
847 2912 997 2996 proprius
1021 2933 1111 2978 mens

95 3023 212 3068 servus
236 3002 433 3087 corrupisset
457 3023 654 3068 conservum.

451 3159 496 3214 De
513 3161 555 3215 rei
572 3159 766 3214 vindicatione.

192 3259 242 3325 15.
280 3259 319 3326 D.
338 3262 369 3341 4,
383 3261 413 3344 3,
427 3261 479 3326 39.
530 3259 629 3324 Gaius
659 3260 742 3323 libro
771 3258 945 3324 vicensimo
973 3258 1111 3343 septimo

94 3347 141 3414 ad
170 3349 311 3414 edictum
339 3348 535 3434 provinciale
562 3345 614 3436 (P.
634 3345 723 3433 364).
748 3383 793 3394 -
816 3346 850 3411 si
877 3352 911 3411 te
940 3346 1027 3442 Titio
1056 3368 1112 3432 op·

108 3520 110 3530 =
174 3502 187 3549 1
208 3495 259 3552 Fr.
278 3495 396 3552 noxalis.

172 3571 188 3619 2
208 3566 259 3623 Fr.
279 3567 401 3624 deberet.
