2508 3896
358 205 383 254 a.
408 203 592 260 ursocius
610 201 765 260 suerrus
1004 181 1086 269 541⁸

146 371 192 428 Ex
223 371 448 448 insequentibus
481 373 581 433 verbis
614 367 682 433 ‘hoc
712 373 857 450 quomodo
886 373 1069 450 accipimus?
1178 369 1180 376 ⁸

61 454 174 518 utrum'
193 463 223 519 et
242 480 268 537 q.
284 479 306 520 s.
338 461 432 520 henel
456 461 560 521 Sabini
583 461 763 522 sententiam
782 461 882 521 afferri
901 463 1025 542 colligit.

149 561 234 628 1702
252 560 292 625 D.
301 562 355 646 46,
363 560 475 648 4,8pr.
493 562 582 626 Idem
594 560 1070 648 (sc.Ulpianus)libroquadra-

61 651 204 734 gensimo
228 655 344 715 octavo
366 651 406 716 ad
427 651 582 717 Sabinum
602 650 650 738 (P.
665 648 793 738 asaal).
811 688 853 698 -
874 651 927 716 An
945 653 1070 718 inutilis

62 739 264 823 acceptilatio
288 740 367 804 utile
391 740 511 806 habeat
532 745 677 826 pactum,
701 741 875 825 quaeritur.

54 901 56 908 ,
147 850 379 912 Pernice1406
405 853 462 911 ait:
487 846 627 912 ‘Sabinus
650 853 713 912 also
737 871 800 912 war
820 853 1009 926 aweifelhaft,
1032 855 1069 913 ob
1111 916 1114 920 ,

60 939 122 999 eine
151 939 370 1016 Acceptilation
402 941 451 1000 ein
477 945 598 1017 pactum
626 941 662 1000 de
690 960 749 1000 non
775 942 903 1017 petendo
933 936 1071 1022 enthalt',

61 1021 155 1088 ‘nicht
177 1028 302 1105 Ulpian3
325 1029 403 1089 denn
421 1029 533 1090 Paulus
556 1031 610 1090 hat
633 1031 667 1090 fr.
685 1033 725 1089 27
751 1027 804 1105 §9
831 1030 866 1089 de
889 1033 967 1106 pact.
984 1033 1012 1106 2,
1029 1033 1070 1090 14

59 1115 166 1177 keinen
189 1112 330 1178 Zweifel'.

148 1200 294 1266 ‘Tollitur
316 1206 413 1266 adhuc
436 1208 582 1283 obligatio
605 1208 668 1266 litis
688 1207 914 1286 contestatione,
939 1207 1070 1268 simodo

60 1294 195 1373 legitimo
218 1295 329 1355 iudicio
352 1297 445 1355 fuerit
464 1298 572 1356 actum.
608 1315 679 1355 narn
697 1301 769 1355 tunc
788 1296 932 1373 obligatio
951 1296 1071 1372 quidem

59 1385 232 1460 principalis
255 1384 439 1460 dissolvitur,
461 1385 568 1460 incipit
590 1389 691 1444 autem
713 1385 809 1444 teneri
831 1403 901 1444 reus
918 1385 982 1444 litis
1002 1403 1068 1445 con·

61 1473 229 1533 testatione.
258 1473 309 1532 sed
324 1475 348 1532 si
362 1475 575 1534 condemnatus
590 1474 638 1548 sit,
654 1474 773 1533 sublata
781 1474 845 1533 litis
855 1474 1071 1534 contestatione

60 1559 165 1638 incipit
187 1581 222 1621 ex
245 1579 335 1622 causa
356 1563 481 1623 iudicati
503 1564 608 1624 teneri.
650 1565 682 1622 et
703 1564 759 1622 hoc
784 1559 873 1643 <est>
892 1565 972 1639 quod
990 1563 1072 1640 apud

59 1655 177 1710 veteres
205 1651 350 1726 scriptum
378 1655 436 1728 est,
464 1653 533 1711 ante
560 1653 644 1711 litem
671 1653 872 1711 contestatam
894 1653 964 1711 dare
974 1652 1071 1736 ,debi-

59 1743 157 1800 torem
172 1743 318 1816 oportere,
331 1742 401 1816 post
414 1740 501 1800 litem
513 1743 712 1800 contestatam
724 1740 915 1800 condemnari
924 1745 1071 1820 oportere,

58 1832 128 1904 post
152 1828 427 1889 condemnationem
449 1830 614 1889 iudicatum
631 1830 730 1888 facere
750 1832 895 1904 oportere.
932 1830 1009 1889 unde
1028 1829 1072 1908 fit,

59 1920 94 1976 ut
117 1919 144 1978 si
166 1918 303 1995 legitimo
325 1918 434 1979 iudicio
458 1919 593 1977 debitum
616 1919 739 1994 petiero,
761 1921 869 1994 postea
891 1919 927 1977 de
951 1937 985 1977 eo
1005 1920 1071 1995 ipso

58 2005 123 2066 iure
147 2026 238 2086 agere
260 2026 320 2067 non
342 2007 465 2084 possim,
488 2008 559 2082 quia
581 2007 729 2067 inutiliter
750 2007 886 2066 intendo:
910 2008 975 2066 dari
998 2008 1072 2066 mihi

59 2100 211 2174 oportere,
247 2097 317 2173 quie
352 2097 416 2156 litis
454 2097 671 2156 contestatione
709 2095 774 2154 dari
806 2100 943 2174 oportere
975 2097 1072 2156 desiit.

60 2185 151 2245 aliter
183 2187 272 2261 atque
305 2187 330 2245 si
360 2187 486 2262 imperio
514 2185 680 2246 continenti
705 2185 816 2246 iudicio
844 2185 969 2263 egerim3
1001 2189 1073 2246 tunc

59 2275 140 2332 enim
159 2274 252 2333 nihilo
271 2277 368 2335 minus
389 2275 533 2354 obligatio
552 2275 650 2352 durat,
669 2277 700 2334 et
717 2275 784 2334 ideo
802 2275 868 2351 ipso
886 2275 951 2334 iure
967 2279 1073 2351 postca

58 2380 150 2439 agere
178 2381 313 2438 possum,
342 2363 394 2422 sed
422 2365 515 2424 debeo
542 2383 595 2439 par
623 2363 827 2438 exceptionem
854 2364 899 2423 rei
924 2364 1073 2423 iudicatae

58 2452 109 2511 vel
137 2452 170 2510 in
197 2452 341 2513 iudicium
368 2452 512 2512 deductae
540 2447 741 2511 summoveri?
785 2453 983 2529 Gai.3,180.
1001 2454 1073 2512 181.

340 2643 390 2708 Dc
413 2643 585 2707 litterarum
607 2641 797 2723 obligatione.

152 2772 337 2832 Litterarum
371 2771 563 2849 obligationis
598 2788 694 2846 neque
731 2769 811 2847 apud
847 2769 963 2845 priores
1000 2769 1074 2828 iuris

60 2861 215 2922 consultos
238 2861 349 2920 mentio
372 2861 408 2921 fit
429 2879 526 2936 neque
548 2860 581 2918 in
602 2859 748 2918 librorum
771 2858 809 2918 ad
827 2857 972 2917 Sabinum
991 2859 1074 2934 frag·

58 2951 187 3027 mentis;
214 2953 315 3008 tamen
343 2950 386 3010 sic
412 2949 582 3008 habendum
610 2951 668 3008 est:
698 2941 740 3006 ‘in
764 2947 859 3007 einem
883 2945 1073 3006 Civilrechts-

60 3043 179 3116 system
203 3039 295 3098 muse
322 3038 369 3098 die
392 3039 563 3098 litterarum
586 3037 731 3114 obligatio
753 3035 915 3096 behandelt
938 3054 1076 3111 gewesen

59 3129 140 3203 sein,
170 3129 245 3187 aller
266 3127 590 3187 Wahrscheinlichkeit
615 3127 692 3185 nach
719 3145 774 3185 vor
801 3125 873 3185 oder
898 3124 999 3184 hinter
1022 3125 1075 3184 der

57 3218 224 3277 verborum
247 3211 410 3292 obligatio’.
451 3215 544 3275 Lenel
566 3216 586 3274 1.
601 3235 626 3274 o.
638 3236 668 3291 p.
685 3217 735 3274 78.
773 3215 853 3291 quod
874 3213 906 3272 in
928 3213 1076 3274 librorum

60 3305 295 3366 Sabinianorum
325 3305 461 3382 reliquiis
492 3304 609 3364 nullum
635 3303 799 3380 vestigium
825 3302 985 3381 reperitur,
1017 3322 1077 3362 non

58 3398 109 3455 ost
132 3394 317 3454 mirandum:
340 3389 414 3454 ‘Der
436 3400 509 3453 ndns
527 3393 791 3452 Litterelcontract
813 3393 853 3452 ist
875 3410 973 3469 gegen
990 3392 1075 3451 Ende

60 3484 114 3543 des
144 3483 258 3543 dritten
280 3484 500 3542 Jabrhunderts
526 3483 583 3541 mit
608 3482 661 3541 der
685 3480 761 3541 Sitte
784 3481 837 3541 der
859 3481 1077 3558 Buchftlhrung

59 3573 125 3632 und
146 3572 199 3631 dar
217 3573 439 3632 aunehmenden
453 3572 633 3650 Bedeutung
651 3571 703 3630 der
718 3570 1077 3646 Stipulationsurkunden
