2508 3896
386 173 411 224 2.
433 167 617 224 MASURIUS
636 167 790 226 SABINUS
1026 169 1090 234 557

83 332 293 416 emplastrum
322 334 378 395 aut
404 331 571 415 collyrium
600 331 728 414 feceris,
754 329 954 416 <quaeritur,
982 336 1091 397 utrum

82 425 175 485 tuum
194 420 237 484 sit
254 420 296 506 id,
314 419 399 505 quod
418 441 456 484 ex
471 441 542 484 meo
557 419 730 504 effeceris>
751 442 792 484 an
808 443 924 485 meum.
960 421 1091 504 quidam

81 510 250 575 materiam
278 513 312 574 et
339 509 556 575 substantiam
580 509 786 592 spectandam
811 531 881 574 esse
904 513 1032 595 putant,
1058 511 1093 575 id

83 602 134 664 est
161 602 198 662 ut
225 597 315 663 ouius
343 597 480 663 materia
507 597 563 681 sit,
589 598 678 664 illius
706 601 739 662 et
760 619 811 662 res
835 618 917 682 quae
940 598 1027 664 facta
1050 601 1094 664 sit

81 687 229 752 uideatur
251 708 330 771 esse,
353 686 447 770 idque
469 687 607 751 maxime
630 687 754 771 placuit
776 685 898 751 Sabino

452 886 499 946 De
521 888 722 960 occupatione?

171 1006 247 1071 ‘Nec
275 1053 309 1070 ..
337 1029 372 1069 ea
407 1014 526 1069 tantum
562 1029 637 1087 quae
674 1011 833 1071 traditione
869 1015 974 1072 nostra
1007 1011 1093 1088 fiunt,

79 1101 213 1162 naturali
231 1100 317 1160 nobis
335 1097 450 1158 ratione
469 1099 677 1176 adquiruntur,
696 1099 748 1160 sed
767 1101 857 1159 etiam
874 1093 993 1179 <quae>
1008 1119 1092 1160 oocu-

78 1191 180 1270 pando
211 1190 278 1248 ideo
310 1181 591 1267 <acqu>lsisrimus,
623 1189 695 1264 quia
724 1192 813 1248 antea
840 1189 952 1248 nullius
980 1192 1093 1266 essent,

80 1280 184 1357 qualia
224 1281 294 1338 sunt
331 1277 430 1337 omnia
466 1296 540 1352 quae
576 1281 658 1336 terra
694 1277 772 1360 mari
807 1278 889 1338 eaelo
926 1279 1093 1355 capiuntur.

80 1369 186 1445 itaque
201 1369 228 1427 si
239 1367 336 1426 feram
349 1366 477 1425 bestiam
489 1370 544 1424 aut
552 1366 705 1426 volucrem
715 1370 768 1425 aut
776 1367 887 1442 piscem
896 1361 1093 1446 (ceperimus,

81 1457 229 1534 quidquid
251 1449 317 1533 ita>
340 1457 460 1532 captum
482 1449 603 1532 <luerit
625 1454 657 1513 id
675 1456 779 1514 atatim
796 1458 932 1514 nostrum
955 1455 990 1516 fit
1009 1459 1039 1516 ot
1058 1475 1092 1515 oo

81 1542 200 1626 us>quo
214 1549 351 1604 nostrum
365 1563 429 1603 esse
440 1543 636 1620 intellegitur,
650 1544 742 1603 donec
751 1546 856 1603 nostra
866 1545 1002 1604 custodia
1012 1563 1092 1605 coer-

82 1639 202 1711 ceatur,
226 1653 293 1693 eum
314 1651 386 1692 vero
409 1631 575 1692 custodiam
596 1635 731 1692 nostram
754 1633 883 1692 evaserit
905 1637 936 1692 et
956 1633 988 1691 in
1005 1637 1094 1692 natu·

79 1725 179 1785 ralem
200 1723 373 1782 libertatem
395 1739 428 1780 se
449 1721 607 1797 receperit,
631 1740 736 1781 rursus
760 1722 930 1797 occupantis
953 1722 1001 1796 fit,
1024 1722 1094 1798 quia

79 1801 220 1873 nostrum
238 1828 302 1870 esse
321 1809 439 1869 desinit.
470 1810 639 1868 naturalem
657 1812 758 1869 autem
775 1810 947 1870 libertatem
961 1811 1094 1888 recipere

81 1902 218 1978 videtur,
250 1919 317 1959 curn
349 1905 402 1957 aut
433 1899 534 1958 oculos
565 1901 682 1959 nostros
712 1899 851 1978 evaserit,
885 1902 939 1959 aut
964 1901 1035 1960 licet
1062 1901 1095 1959 in

81 1993 246 2066 conspeetu
273 1988 313 2047 sit
339 1990 456 2061 nostro,
484 1987 614 2047 difficilis
640 1992 742 2047 tamen
770 1988 833 2048 eius
855 1990 1022 2065 persecutio
1047 1989 1094 2049 sit.

80 2081 116 2140 in
143 2079 191 2138 his
219 2080 321 2137 autem
348 2076 527 2136 animalibus
554 2095 630 2152 quae
658 2095 694 2135 ex
721 2077 933 2137 consuetudine
959 2079 1040 2138 abire
1064 2081 1096 2139 et

81 2168 184 2229 redire
207 2167 317 2240 solent,
343 2165 439 2224 veluti
462 2166 606 2226 columbis
630 2169 661 2226 et
683 2166 803 2245 apibus,
830 2167 903 2226 item
926 2168 1019 2227 cervis
1043 2167 1096 2245 qui

80 2259 115 2319 in
133 2256 226 2317 silvas
244 2255 287 2314 ire
307 2257 337 2314 et
350 2253 448 2314 redire
462 2255 567 2328 solent,
585 2255 678 2314 talem
692 2256 836 2315 babemus
850 2256 987 2333 regulam
1001 2257 1094 2317 tradi·

80 2352 157 2423 tarn,
171 2348 207 2404 ut
226 2345 251 2404 si
264 2343 435 2403 revertendi
448 2343 580 2402 animum
594 2344 704 2403 habere
718 2344 869 2420 desierint,
888 2346 979 2404 etiam
992 2349 1096 2405 nostra

82 2453 152 2496 esse
188 2432 325 2492 desinant
359 2434 389 2491 et
420 2431 494 2490 fiant
526 2433 740 2508 occupantium.
793 2434 963 2492 revertendi
994 2436 1095 2493 autem

83 2522 220 2584 animum
250 2521 391 2582 videntur
420 2520 554 2579 desinere
582 2521 704 2594 habere,
738 2539 806 2579 cum
832 2521 1002 2581 revertendi
1030 2541 1096 2582 con-

81 2611 273 2674 suetudinem
292 2609 486 2670 desoruerint.
526 2627 561 2668 ea
579 2627 694 2685 quoque
713 2627 790 2685 quae
809 2627 845 2666 ex
863 2609 1000 2668 hostibus
1018 2609 1096 2685 oapi-

82 2703 192 2777 untur,
215 2699 347 2758 naturali
369 2698 483 2757 ratione
506 2700 610 2757 nostra
631 2691 727 2757 fiunt'
766 2695 828 2756 Gai
846 2699 873 2769 2,
890 2699 1028 2757 66-69.

174 2788 262 2848 illius
284 2787 406 2866 regulae
428 2786 528 2846 nesoio
551 2806 589 2845 an
607 2785 735 2846 Sabinus
755 2788 859 2845 auctor
876 2785 1029 2846 habendus
1048 2786 1095 2846 sit.

462 2958 511 3024 De
531 2968 723 3042 usucapione.

92 3135 95 3140 .
176 3085 195 3149 ³.
208 3133 214 3149 .
230 3090 254 3148 si
267 3088 324 3148 tibi
337 3108 400 3149 rem
413 3088 543 3164 mancipi
555 3107 651 3165 neque
665 3089 872 3164 mancipavero
885 3107 980 3164 neque
990 3087 1022 3146 in
1031 3087 1096 3147 iure

83 3198 218 3253 cessero,
248 3178 300 3237 sed
326 3180 445 3237 tantum
472 3176 637 3254 tradidero,
663 3178 696 3236 in
721 3177 807 3237 bonis
835 3177 954 3254 quidem
977 3177 1038 3236 tuis
1062 3195 1098 3236 ea

85 3289 134 3330 res
155 3267 292 3346 efficitur,
311 3286 347 3326 ex
364 3267 429 3326 iure
443 3265 604 3336 Quiritium
621 3285 693 3325 vero
708 3284 777 3325 mea
788 3266 985 3344 permanebit,
1004 3265 1097 3326 donec

85 3362 122 3418 tu
151 3376 218 3416 eam
245 3355 423 3432 possidendo
450 3355 619 3431 usucapias.
664 3356 756 3414 semel
783 3355 863 3415 enim
888 3355 1004 3432 inpleta
1028 3373 1097 3415 usu-

85 3448 212 3524 capione
239 3444 363 3521 proinde
387 3445 474 3520 pleno
498 3444 562 3502 iure
584 3443 702 3520 incipit,
729 3443 830 3504 idest
853 3446 883 3503 et
905 3444 937 3503 in
959 3444 1044 3504 bonis
1067 3447 1099 3504 et

86 3555 124 3595 ex
138 3536 205 3594 iure
220 3531 382 3603 Quiritium
394 3537 449 3593 tua
461 3551 509 3592 res
525 3551 599 3613 esse,
613 3551 647 3594 ao
662 3534 687 3593 si
701 3553 736 3595 ea
749 3534 918 3610 mancipata
931 3535 980 3596 vel
992 3535 1023 3593 in
1032 3534 1097 3593 iure
