2580 3888
421 201 446 251 2.
469 193 653 249 MASURIUS
673 193 825 248 SABINUS
1064 193 1128 256 341

120 361 296 438 sententiae,
388 355 582 445 quiitetibus
623 362 685 420 suis
723 381 784 422 arn·
798 355 880 444 irum
919 363 1129 422 manumittere

120 451 294 512 existimant
321 451 438 510 consili·
467 451 556 527 plius,
580 469 670 526 quam
688 451 720 510 in
738 451 785 510 his
813 451 1128 528 videtur‚quiveliem

119 562 173 601 um
187 544 439 616 cuiusquemunu-
468 542 522 617 est,
549 543 670 615 sperant
689 540 784 600 lromi·
813 543 1129 616 eotemporequoma·

119 629 271 690 mittentis
311 629 440 706 spectari
466 647 528 687 nes,
552 629 632 706 quod
646 629 784 706 frequen·
813 630 950 688 numittit
986 631 1127 689 solvendo

120 721 229 780 debere
310 718 362 795 qui
385 718 439 777 sub
467 722 514 776 ter
536 717 645 776 neeidit
667 718 714 776 his
735 719 785 794 qui
813 736 874 776 non
905 721 963 791 est,
998 719 1046 776 vel
1078 719 1131 794 qui

122 829 159 868 ea
186 808 356 866 condicione
385 797 438 887 (se.
466 806 682 866 transmarinas
697 825 786 884 nego·
814 807 892 865 datis
938 807 1130 865 libertatibus

121 917 189 957 eum
225 915 275 956 aes
307 896 438 955 alienum
466 895 608 955 tiationes
651 899 682 958 et
718 896 786 954 aliis
814 895 965 954 desiturus
999 898 1045 953 est
1075 895 1132 954 sol-

121 988 256 1046 solutum
280 985 351 1063 erit,
379 1003 438 1044 ser·
465 983 647 1062 regionibus,
657 1004 747 1060 quum
755 984 786 1043 in
813 985 908 1044 vendo
919 1001 992 1044 esse.
1010 1002 1133 1058 praevu-

123 1096 194 1135 vum
236 1093 324 1134 suum
363 1073 438 1132 libe·
466 1074 576 1150 quibus
595 1073 655 1149 ipsi
668 1093 785 1132 moran·
812 1074 906 1132 luisse
930 1077 1031 1132 tamen
1050 1071 1131 1130 vide-

121 1185 189 1224 rum
235 1181 299 1222 esse
345 1163 438 1239 iubet,
465 1166 524 1238 tur,
547 1181 603 1238 per
621 1181 722 1222 servos
741 1172 785 1221 at·
813 1167 877 1238 tur,
910 1162 969 1220 nisi
999 1162 1133 1219 animum

121 1253 196 1312 adeo
228 1253 290 1311 sine
321 1251 438 1310 fraudis
466 1270 523 1326 que
568 1252 692 1311 libertos
737 1270 785 1310 ex·
813 1270 931 1329 queque
971 1250 1133 1308 fraudandi

122 1342 247 1402 consilio
310 1340 437 1398 liberum
465 1343 580 1415 ercent3
595 1341 675 1416 quod
688 1359 785 1418 saepe,
813 1338 1134 1410 manumissorhabuit

123 1449 188 1490 esse
201 1430 294 1506 iubet,
308 1432 437 1504 utaper-
466 1428 584 1486 adtritis
608 1429 674 1487 istis
698 1448 784 1506 nego·
812 1449 871 1488 non
891 1428 1031 1504 impediri
1044 1428 1132 1485 liber-

122 1518 238 1579 tissime
267 1535 371 1576 curare
394 1517 437 1575 vi·
466 1516 644 1576 tintinnibus
696 1519 785 1594 longo
812 1521 915 1593 tatem,
932 1515 1133 1594 quamvisbo-

121 1610 241 1679 deutur,
273 1625 310 1664 ne
346 1605 439 1664 uredi-
465 1608 613 1680 tempore,
643 1606 675 1663 id
703 1606 786 1682 igno·
813 1605 1134 1665 naeiusereditoribus

120 1701 202 1758 tores
237 1695 285 1754 eui
317 1693 438 1753 fraude·
467 1697 536 1751 runt
568 1697 599 1752 et
625 1693 785 1752 manumit-
813 1714 873 1753 non
887 1695 1052 1771 sufficiant3
1071 1711 1134 1752 sae-

121 1789 235 1846 rentur.
467 1782 557 1841 tendo
584 1782 648 1840 sine
671 1782 786 1840 fraudis
814 1802 851 1858 pe
875 1784 954 1842 enim
978 1784 1014 1841 de
1037 1783 1131 1841 fecul-

468 1870 591 1930 eonsilio
628 1871 788 1949 indulgent
814 1872 928 1931 tatibus
970 1872 1031 1930 suis
1072 1890 1134 1929 am-

468 1960 561 2020 servie
598 1961 661 2020 suis
695 1961 785 2018 liber·
814 1962 893 2036 plius
917 1979 1007 2038 quam
1033 1961 1064 2018 in
1087 1961 1134 2018 his

467 2053 570 2108 tatem.
814 2054 860 2109 est
889 2054 1011 2127 sperant
1038 2051 1134 2109 homi-

812 2159 874 2198 nes.
922 2140 1024 2217 itaque
1061 2144 1133 2198 tune

813 2228 1017 2304 intellegimus
1040 2229 1134 2304 impe·

813 2318 1134 2393 dirilibertatem,eum

813 2411 942 2483 utroque
953 2405 1040 2465 modo
1053 2406 1134 2464 frau-

815 2495 925 2552 dantur
961 2495 1134 2567 creditores,

814 2582 845 2640 id
878 2585 924 2640 est
951 2586 982 2641 et
1011 2581 1134 2641 consilio

815 2670 1054 2729 manumittentis
1105 2672 1136 2727 et
1204 2721 1207 2726 .

815 2760 881 2834 ipsa
912 2778 958 2832 re,
990 2777 1025 2816 eo
1055 2757 1135 2833 quod

815 2847 1135 2908 bonanonsuffeeturu

816 2941 886 2997 sunt
928 2934 1135 2996 creditoribus.

509 3134 537 3191 2.
561 3131 611 3190 De
633 3131 754 3192 furtis.

277 3255 447 3316 Sabinus:
822 3257 971 3316 Paulus:

166 3379 601 3459 D.13,7,36pr.Ulp.-Si
700 3379 736 3439 D.
756 3381 963 3458 47,2,20pr.
990 3412 1027 3422 —
1061 3379 1136 3441 Cum

122 3471 190 3547 quis
222 3470 254 3528 in
285 3469 409 3547 pignore
440 3488 495 3545 pro
525 3487 599 3528 auro
656 3486 706 3527 ees
735 3469 852 3548 pignori
882 3470 984 3546 detur,
1017 3469 1136 3530 etiamsi

123 3576 175 3619 ees
186 3557 361 3618 subiecisset
370 3557 518 3637 creditori,
528 3577 599 3636 que·
655 3575 761 3617 aurum
781 3578 845 3619 esse
864 3559 983 3636 dieitur,
1004 3561 1137 3638 turpiter
