2550 3888
25 221 27 224 ,
145 177 187 240 66
224 175 245 231 Ι,
269 175 425 230 AETATIS
443 168 601 235 AUGUSTI
623 174 670 229 ET
694 175 829 230 TIBERII
850 175 947 230 mals
972 175 1161 231 CONSULTI
1262 249 1264 268 <

235 339 267 404 4.
293 338 334 404 D.
349 339 401 422 33,
415 337 445 423 7,
457 338 488 404 4.
528 338 699 403 Iavolenus
722 339 805 402 libro
829 339 968 403 seeundo
992 359 1030 402 ex
1051 342 1161 422 poste·

144 425 287 491 rioribus
301 426 470 492 Labeonis.
487 463 524 472 -
546 425 627 492 Oum
647 428 776 511 quidam
795 427 875 492 duos
893 427 1011 491 fundos
1030 426 1161 492 innotos

146 515 282 580 haberet
314 521 346 579 et
377 537 416 579 ex
449 515 550 581 altero
577 517 691 598 boves,
719 537 791 582 eum
819 537 899 600 opus
927 515 1093 594 fecissent,
1121 516 1161 580 in

148 604 285 680 alterum
313 608 562 686 reverterentur,
585 610 756 688 utrumque
783 604 917 670 fundum
941 626 1013 669 eum
1036 607 1160 669 instru-

95 727 100 738 ·
145 697 255 760 mento
288 694 462 776 legaverat.
518 691 625 758 Labeo
657 692 829 759 Trebatius
862 694 960 759 boves
992 692 1022 756 ei
1056 692 1162 759 fundo
1263 723 1265 742 ⁴

145 803 291 846 cessuros
318 786 449 866 putant,
472 781 527 846 ubi
556 804 636 866 opus
665 782 831 865 fecissent,
853 804 917 846 non
946 782 1002 847 ubi
1027 804 1160 846 manere
1226 827 1229 831 ι

145 871 389 936 consuevissent
412 918 442 936 ..
457 919 466 936 .

423 1035 467 1090 De
483 1036 569 1102 fundi
586 1037 766 1091 instrumento
784 1036 880 1106 ieqato.
975 1095 976 1098 Ἴ

232 1135 261 1200 5.
293 1134 333 1199 D.
352 1137 409 1220 33,
429 1137 462 1217 7,
481 1136 524 1201 25
533 1159 580 1221 pr.
629 1136 799 1201 Iavolenus
833 1136 917 1201 libro
946 1136 1086 1201 seeundo
1116 1158 1159 1201 ex
1264 1121 1265 1192 1

141 1225 375 1308 posterioribus
394 1224 562 1289 Labeonis.
579 1261 617 1271 -
638 1225 741 1290 Fundi
760 1225 975 1290 instrumento
994 1226 1102 1309 legato
1122 1225 1158 1290 id

142 1335 240 1397 peous
259 1313 369 1377 cedere
388 1313 525 1397 putabat
543 1313 678 1395 Tubero,
698 1313 782 1397 quod
805 1314 833 1378 is
852 1313 971 1378 firndns
996 1315 1159 1378 sustinere
1265 1365 1266 1394 3

140 1401 313 1490 potuisset3
333 1401 446 1466 ¹Labeo
465 1406 586 1467 eontra.
627 1403 703 1484 quid
719 1403 802 1467 mim
819 1404 879 1485 siet,
897 1403 1011 1487 inquit,
1030 1404 1067 1486 si,
1085 1424 1158 1467 mm

142 1491 228 1555 mille
254 1511 320 1555 oves
345 1490 463 1570 fundus
487 1493 635 1556 sustinere
655 1491 817 1573 potuisset,
844 1492 904 1556 diro
932 1493 1024 1557 milio
1051 1493 1157 1556 oviam

29 1588 31 1592 '
141 1580 177 1642 m
204 1599 237 1643 eo
261 1579 361 1658 suado
385 1579 526 1659 fuerim?
561 1601 640 1662 quos
667 1600 733 1645 oves
749 1581 949 1662 potissimam
973 1581 1070 1664 leuato
1092 1601 1156 1645 ees-

140 1688 232 1732 smos
253 1668 521 1734 existimabimus?
557 1691 616 1734 nee
644 1669 861 1752 quaerendum
891 1691 976 1750 esse,
999 1669 1076 1754 quid
1100 1670 1154 1734 de·
1265 1735 1266 1760 ,

142 1755 265 1821 buisset
295 1758 403 1841 parari
435 1757 559 1842 peeoris
590 1759 799 1822 instrumenti·
828 1757 920 1822 fundi
954 1779 1064 1841 eausa,
1097 1758 1154 1822 sed

142 1845 218 1929 quid
240 1851 390 1930 paratum
414 1851 511 1931 esset3
540 1868 605 1910 non
633 1847 718 1910 enim
744 1869 783 1910 ex
805 1868 938 1911 numero
964 1850 1021 1910 aut
1043 1847 1154 1911 multi-

142 1934 256 1997 tudine
279 1934 388 2017 legata
411 1936 645 2000 aestimandum
668 1957 746 1999 esse.

232 2024 261 2087 6.
289 2021 329 2086 D.
352 2023 427 2086 ibid.
451 2025 515 2104 §L
536 2059 576 2070 —
597 2023 735 2100 Quidam
759 2045 831 2088 eum
853 2024 887 2086 in
905 2023 1004 2087 fundo
1023 2023 1154 2109 figlinas

85 2153 93 2174 t
142 2109 287 2191 haberet,
315 2111 488 2196 figulorum
516 2133 615 2194 opera
644 2113 765 2176 maiore
793 2116 884 2196 parte
908 2113 984 2176 anni
1008 2113 1049 2177 ad
1072 2113 1153 2196 opus

140 2198 297 2262 rusticum
332 2201 496 2283 utebatur,
527 2199 639 2264 deinde
677 2201 745 2264 eius
777 2199 869 2264 fundi
900 2201 1153 2266 instrumentum

141 2287 315 2370 legaverat.
360 2285 470 2352 Labeo
494 2287 663 2352 Trebatius
691 2310 757 2353 non
779 2289 881 2353 videri
905 2289 1024 2374 figulos
1049 2292 1085 2353 in
1108 2292 1153 2355 in·

141 2379 322 2442 strumento
345 2375 436 2440 fundi
460 2398 537 2442 esse.

519 2542 563 2597 De
580 2559 656 2624 semo
675 2543 769 2615 leuato.
843 2588 845 2594 .

233 2643 261 2706 7.
293 2641 333 2705 D.
352 2643 404 2726 33,
419 2643 449 2727 8,
463 2645 515 2728 22,
530 2646 561 2708 1.·
595 2643 702 2709 Labeo
725 2645 808 2709 libro
832 2645 982 2711 seeundo.
994 2647 1152 2729 posterio-

143 2753 212 2795 rum
248 2754 267 2795 a
298 2731 452 2797 Iauoleno
488 2734 747 2815 epitomatorum.
777 2769 815 2779 -
845 2731 1002 2798 Dominus
1033 2755 1154 2801 seriam

141 2821 196 2902 qai
233 2840 302 2884 mm
338 2842 370 2884 eo
402 2821 554 2885 vicariam
586 2842 774 2886 eommrmem
804 2822 942 2904 habetat,
980 2827 1154 2889 tesmmmio

141 2909 368 2972 moriamiserat
404 2914 432 2972 et
461 2909 618 2990 peculium
654 2911 682 2974 ei
714 2911 876 2993 leyaoerat,
912 2912 1019 2976 deinde
1049 2913 1153 2994 absum

140 2997 304 3079 vicariam,
341 2998 395 3078 qm'
431 2999 601 3062 eommunis
636 3003 714 3080 erat,
751 3000 935 3064 nominatim
971 3006 998 3064 et
1028 3002 1094 3084 ipsi
1125 3008 1154 3066 et

143 3085 267 3149 libertae
285 3105 359 3150 saue
378 3085 537 3168 ieooomot
567 3089 711 3168 respondi
725 3093 844 3169 partem
861 3094 1005 3171 quartam
1019 3090 1154 3176 libertae,
1265 3107 1267 3186 3

139 3175 292 3256 relmaam
310 3178 433 3255 partem
457 3174 555 3239 tiberii
574 3176 724 3256 fatmom.

524 3341 568 3397 De
585 3343 650 3398 aimo
668 3343 763 3412 leuato,

230 3440 259 3504 8.
292 3439 330 3504 D.
345 3441 401 3524 33,
416 3442 450 3526 1,
465 3443 504 3507 17
513 3493 522 3526 ,
537 3444 566 3507 1.
610 3441 718 3508 Labeo
747 3444 830 3509 libro
855 3445 993 3509 seeundo
1017 3446 1150 3529 posteri-

140 3549 234 3592 orum
255 3551 273 3591 s
291 3527 443 3596 Iauoleno
463 3532 722 3616 epitomatorum.
742 3569 779 3580 -
801 3531 891 3597 ‘Vini
908 3533 1046 3618 Falerni,
1065 3534 1150 3620 quod
