2550 3888
421 165 446 212 7.
468 157 713 214 maurianus
729 159 851 214 LABEO
1096 162 1137 224 21

129 326 246 385 tribuni
262 327 360 402 plebia
378 328 566 387 vocationem
580 327 695 386 habeut
706 329 823 390 nullam
836 373 844 386 .
855 374 863 386 .
876 346 933 406 ego
947 329 1139 389 biumrirum

128 421 255 476 vocatus
277 433 298 474 a
316 415 423 475 Porcio
445 417 565 476 tribuno
586 417 684 492 plebis
705 436 767 476 non
788 417 840 494 ivi,
861 418 1036 477 auctoribus
1057 419 1138 494 prin·

129 503 259 580 cipibus,
286 507 319 562 ot
342 510 431 565 uetus
457 506 505 563 ius
531 505 624 564 tenni
674 505 748 563 item
774 505 914 565 tribunus
941 525 1010 566 cum
1032 526 1139 587 casem,

127 593 230 653 vocari
258 593 409 652 neminem
433 595 510 652 iussi
534 612 590 652 nec
616 599 758 652 vocatum
779 612 801 653 a
821 595 946 672 conlega
966 615 1073 672 parere
1094 597 1140 656 in·

128 675 252 740 vitum'.
298 685 380 741 certe
409 677 515 742 ‘multi
542 683 683 758 imperiti,
710 683 835 758 proinde
862 688 954 760 atque
975 679 1138 745 baberent'

129 770 245 829 tn‘buni
276 771 374 846 plebia
405 772 604 842 vocationem,
638 765 690 830 ‘ea
721 775 793 830 sunt
822 772 885 847 usi3
914 791 985 831 nam
1015 775 1140 851 qnidam

130 877 190 919 nou
212 859 302 918 modo
324 861 485 937 privatum,
507 861 560 919 sed
582 860 675 919 etiam
696 861 850 920 consulem
872 861 904 918 in
923 865 1024 921 rostra
1040 864 1140 923 vocari

129 943 300 1007 iusserunt'
328 942 419 1028 (Gall
438 950 459 1008 t
476 968 501 1009 c.
520 943 565 1028 6).
614 948 785 1009 Labeonem
816 950 913 1026 igitur
944 943 1046 1010 ‘vetus
1074 946 1140 1011 ius'

128 1037 266 1096 cauisse
292 1041 383 1116 atque
410 1032 651 1115 ‘imperitorum'
678 1057 766 1097 usum
788 1039 926 1097 reiecisse
947 1039 1060 1098 mirum
1080 1059 1140 1100 uon

130 1129 182 1185 est
217 1125 384 1186 Mommsen
400 1146 519 1205 quoque
537 1121 741 1207 (staatsoecht
757 1119 791 1185 1⁸
813 1148 842 1203 p
857 1129 921 1186 362
939 1147 969 1187 n.
984 1120 1020 1208 3)
1039 1129 1140 1189 docet:

131 1219 253 1292 „strong
284 1234 462 1292 genommen
492 1217 610 1276 kommt
640 1217 689 1276 die
721 1216 867 1276 Vocation
899 1217 955 1276 den
987 1217 1141 1277 Tribunen

129 1302 214 1362 nicht
236 1300 292 1361 zu“
315 1304 457 1382 additque
481 1297 524 1386 (p.
540 1301 632 1381 146):
655 1305 721 1381 „die
744 1309 886 1383 strengen
906 1305 1065 1365 Casnisten
1087 1306 1140 1366 des

132 1389 335 1452 Staatarecbta
348 1412 449 1452 waren
462 1395 526 1453 sich
539 1393 668 1452 darfiber
682 1395 773 1472 einig,
785 1395 855 1454 dass
868 1395 916 1454 die
926 1393 1140 1455 tribuniciscbe

130 1478 276 1540 Vocation
299 1481 341 1539 im
364 1482 484 1559 Prinoip
505 1482 589 1541 nicht
610 1503 649 1541 au
665 1483 762 1542 Recbt
782 1481 931 1543 bestabe“.
972 1503 1140 1561 quaecum

130 1570 174 1628 ita
191 1569 261 1647 sint,
279 1571 420 1646 quoniam
437 1572 576 1648 partibus
593 1571 631 1631 de
648 1572 769 1648 publica
786 1575 935 1646 potestate
953 1573 1138 1634 certantibus

66 1657 69 1663 '
129 1677 189 1718 non
210 1658 332 1736 logices,
355 1679 444 1740 quam
466 1663 585 1736 vocant,
606 1665 726 1719 tantum
748 1665 909 1738 praecepta
930 1666 1066 1739 regnaut,
1088 1663 1140 1722 vix

129 1766 197 1806 cum
209 1746 394 1807 Mommseno
413 1744 446 1828 (l.
457 1767 481 1810 c.
494 1769 524 1810 n.
535 1743 570 1828 2)
588 1750 661 1809 licet
679 1749 785 1823 dicere,
802 1750 835 1808 id
849 1750 929 1826 quod
943 1750 1044 1809 Labeo
1057 1751 1139 1828 fecit,

21 1835 23 1840 ’
129 1837 222 1896 fuisse
246 1838 450 1897 contumaciae
472 1838 630 1897 cuiusdam
652 1839 816 1914 speciosae,
845 1838 898 1897 sed
920 1839 1018 1898 inanis
1041 1832 1140 1920 („eine

129 1925 209 1985 leere
231 1919 569 2007 Principienreitcrei“).

218 2012 311 2072 (iuius
329 2014 366 2094 de
384 2016 575 2076 tribunorum
593 2019 744 2092 potestate
763 2016 915 2075 dissensus
928 2016 1036 2076 intima
1049 2034 1141 2078 causa

130 2121 187 2162 non
213 2105 279 2162 tam
305 2104 337 2162 in
364 2104 432 2180 ipsa
456 2108 621 2181 potestate,
651 2125 740 2181 quam
766 2106 797 2163 in
825 2103 982 2166 Octaviani
1008 2105 1141 2182 Augusti

9 2197 10 2200 ’
129 2192 291 2251 tribunicia
325 2197 475 2267 potestate
506 2193 626 2254 videtur
657 2195 716 2253 sita
747 2213 819 2254 csse.
846 2239 850 2246 .
873 2215 950 2272 quae
982 2214 1073 2255 cansa
1103 2199 1141 2255 ut

130 2281 310 2356 enucleetur,
341 2281 514 2342 adiumento
542 2302 606 2341 esse
633 2287 761 2358 possunt
785 2283 871 2342 baec:
903 2283 1017 2360 Labeo,
1045 2287 1080 2342 nt
1101 2285 1139 2344 de

130 2368 243 2446 virgine
257 2361 369 2428 Vestae
382 2371 527 2445 capienda
541 2365 792 2449 ‘diligentissime’
807 2373 935 2449 scripsit,
948 2373 993 2431 ita
1004 2373 1140 2450 neglexit

9 2457 10 2462 ’
128 2463 289 2535 praecepta
306 2459 368 2536 illa,
388 2460 497 2536 quibus
516 2461 754 2520 constituebatur
772 2455 881 2537 ‘neque
898 2462 963 2520 eius
982 2463 1140 2538 legendam

128 2545 230 2623 filiam,
249 2547 301 2624 qui
321 2548 505 2608 domicilium
521 2550 553 2607 in
567 2550 659 2608 Italia
670 2568 731 2608 uon
744 2549 877 2624 haberet,
896 2554 927 2608 ct
940 2551 1139 2610 excusandam

70 2652 75 2660 ·
130 2634 203 2711 eine,
221 2637 273 2712 qui
291 2637 402 2696 liberos
418 2641 481 2697 tres
495 2631 649 2711 haberet';
668 2637 699 2695 id
713 2638 792 2696 enim
806 2637 896 2696 Gellii
908 2639 1002 2697 verba
1016 2641 1137 2714 1,12,a

130 2726 233 2798 aperte
249 2724 368 2784 docent:
388 2719 597 2801 ‘praeterea
611 2724 716 2800 Capito
730 2724 839 2783 Ateius
852 2725 997 2800 scriptum
1015 2727 1139 2802 reliquit

125 2829 224 2888 neque
239 2807 276 2872 ..'
308 2835 335 2874 v.
349 2834 442 2890 supra
458 2835 486 2890 p
506 2817 553 2874 12.
585 2813 745 2891 praecepta
761 2833 833 2875 vero
847 2813 909 2893 illa,
926 2832 995 2892 non,
1013 2815 1045 2874 id
1058 2815 1139 2892 quod

125 2900 212 2960 Joers
224 2902 513 2980 Ehegesetzgebung
526 2925 554 2980 p.
565 2905 606 2963 48
621 2902 686 2962 fieri
699 2904 833 2980 potuisse
847 2904 1007 2981 existimat,
1020 2905 1137 2983 legibus

125 2989 162 3049 do
188 2990 380 3050 matrimonio
408 2992 492 3068 latis,
519 2993 570 3052 sed
598 2993 747 3069 pontificis
774 2993 895 3052 maximi
920 2994 1047 3055 decretis
1068 2999 1138 3078 post

49 3087 52 3094 '
125 3073 292 3160 alddllt,
315 3099 374 3155 quo
397 3099 474 3141 anno
493 3078 674 3142 Octavianus
697 3083 832 3158 pontifex
854 3084 1000 3142 maximus
1020 3087 1137 3144 creatus

11 3227 12 3250 ,
125 3172 179 3240 est,
198 3169 356 3245 proposita
375 3187 439 3229 csse
457 3168 564 3230 indic-o.
600 3171 704 3246 itaque
719 3169 817 3230 Labeo
837 3169 946 3230 librum
966 3172 1002 3230 de
1020 3172 1137 3249 virgine

11 3255 12 3260 ’
123 3255 242 3316 Vestali
266 3257 410 3333 capienda
432 3261 487 3317 aut
509 3261 579 3318 ante
602 3277 628 3344 a.
644 3253 761 3336 742s12
781 3259 901 3334 scripsit
923 3263 985 3335 aut,
1007 3260 1038 3318 id
1056 3260 1138 3336 quod

11 3391 13 3404 .
123 3345 221 3423 magis
248 3346 362 3422 placet,
388 3347 518 3406 recentis
544 3346 693 3424 pontificis
720 3347 846 3405 maximi
872 3351 1035 3423 praccepta
1060 3353 1137 3410 uta
1168 3409 1170 3414 ,

123 3435 273 3494 maiorum
296 3435 430 3494 moribus
453 3436 552 3495 aliena
574 3436 712 3495 consulto
734 3436 946 3512 praetermisit.

211 3523 354 3582 Alterum
368 3527 448 3584 certo
463 3524 631 3600 exemplum
644 3524 681 3583 D.
692 3525 742 3601 50,
753 3525 873 3601 1o,244
889 3524 1009 3602 legitur,
1024 3526 1137 3584 scilicet
1169 3545 1172 3552 ⁴
