2506 3880
144 145 208 209 152
243 147 264 200 Ι.
285 143 441 200 AETATIS
459 143 619 200 AUGUSTI
637 144 684 200 ΕΤ
702 144 837 202 TIBERII
854 145 950 202 IURIS
970 145 1155 201 CONSULTI

566 324 679 391 Liber
700 332 724 391 Ι.

557 446 604 506 De
626 449 734 522 ieratis.

454 591 457 598 ,
515 561 559 618 De
575 563 664 630 surdo
683 564 778 634 leonto.

232 661 259 724 1.
288 659 326 726 D.
350 662 402 745 33,
422 663 451 745 7,
470 663 500 728 5.
549 662 656 728 Labeo
693 663 775 728 libro
807 663 911 747 primo
943 668 1099 728 πνθανῶν
1133 687 1154 729 a

142 748 244 814 Paulo
264 749 523 834 epitomatorum.
536 788 579 797 —
595 750 633 817 se·
650 753 701 816 orrr'
717 753 852 832 fundum
869 757 897 816 et
912 753 1155 818 enarmonium

141 839 206 904 sira
234 839 333 923 seqare
360 841 420 924 oie,
452 840 534 905 nihil
562 841 698 921 interest,
729 842 876 922 quornodo
904 841 978 923 kyes
1006 839 1154 921 ‘fundum

141 948 210 992 oum
232 927 445 993 instrumento
467 949 511 992 arr
529 928 675 1008 ‘ferndum
692 933 721 993 ei
738 928 986 994 ineremenirrm'
1004 950 1048 993 arr
1067 927 1153 1010 ‘fure-

141 1018 215 1081 dem
237 1015 440 1082 irstrrctrm'.

495 1119 539 1174 De
556 1120 669 1175 oedibus
687 1121 790 1190 leyatia.

230 1221 261 1285 2.
282 1218 320 1284 Ι).
336 1219 388 1302 32,
403 1221 454 1285 31.
490 1218 580 1284 Idem
599 1216 655 1306 (se.
670 1216 796 1308 Labeo)
815 1220 898 1285 libro
917 1219 1021 1304 primo
1040 1219 1153 1286 Pitha-
1245 1173 1247 1246 ἶ

142 1330 257 1375 norum
283 1330 301 1372 a
324 1306 425 1373 Paulo
448 1309 705 1393 epiiomatorum.
729 1346 773 1356 -
795 1308 905 1374 Sicori
927 1310 1014 1374 aedes
1036 1310 1156 1393 heatae

141 1399 218 1480 siri,
251 1399 279 1462 is
311 1417 399 1461 omree
429 1397 549 1462 habebit
578 1399 765 1481 aedificium,
801 1400 882 1481 qood
912 1398 1011 1463 solum
1043 1418 1154 1464 earum

141 1488 265 1551 aedium
289 1487 354 1550 erit.

528 1572 572 1628 De
590 1573 650 1628 dote
668 1573 766 1642 leonte.

230 1673 260 1736 3.
288 1670 327 1738 D.
346 1672 398 1755 33,
416 1672 446 1755 4,
466 1673 517 1739 13.
561 1672 668 1737 Labeo
697 1671 780 1736 libro
808 1672 912 1754 primo
940 1670 1152 1736 Pithanorum

142 1782 161 1824 a
192 1758 293 1826 Paulo
326 1762 583 1845 epitomatorem.
617 1797 655 1808 -
686 1799 792 1808 -—-
814 1759 962 1842 [Paulus:
1000 1760 1027 1824 si
1063 1760 1153 1825 filius

141 1849 292 1932 familias,
316 1870 446 1914 uxorem
469 1871 541 1914 oum
563 1850 707 1933 haberet,
730 1849 838 1915 doiem
857 1848 898 1913 ab
918 1870 955 1912 ea
974 1852 1155 1934 acceperat,

142 1937 255 2002 deinde
278 1940 370 2021 pater
393 1939 531 2003 familias
555 1939 659 2003 faetus
683 1939 791 2004 dotem
810 1936 840 2002 ei
858 1941 895 2002 ut
914 1938 995 2002 solet
1014 1937 1153 2022 legavit:

142 2026 289 2109 quamvis
316 2027 402 2109 patri
428 2026 522 2090 heres
549 2048 614 2091 non
642 2027 717 2110 erit,
743 2031 852 2091 tamen
875 2026 907 2090 id
931 2026 1073 2112 legatum
1097 2025 1152 2090 de-

141 2112 292 2194 hebione]

230 2231 320 2290 Pauli
342 2232 431 2292 huius
454 2232 534 2292 modi
551 2233 631 2293 notis
648 2226 699 2312 (of.
712 2254 741 2294 n.
757 2236 786 2309 ὅ,
801 2236 853 2311 37,
867 2227 924 2316 41)
944 2238 1042 2295 seriae
1061 2252 1152 2312 quae·

143 2320 212 2380 dam
234 2320 383 2380 Labeonis
406 2321 580 2397 sententiae,
603 2340 730 2399 quarum
752 2343 812 2384 non
835 2323 901 2398 ipsa
924 2324 1017 2384 verba
1039 2325 1151 2403 extent,

142 2409 284 2469 videniur
307 2409 437 2469 subesse.

517 2517 564 2576 De
586 2518 768 2577 atotrbiberr's.

230 2627 261 2692 4.
286 2627 324 2692 D.
338 2627 391 2710 40,
406 2628 436 2710 Ι,
448 2627 491 2692 41
501 2649 548 2712 pr.
585 2625 695 2692 Labeo
719 2627 802 2692 libro
825 2626 928 2711 primo
947 2625 1111 2691 Piihanon
1131 2649 1152 2691 a

142 2714 245 2781 Paulo
265 2717 523 2800 epitomatorem.
540 2752 577 2764 -
595 2713 633 2782 Se·
647 2737 736 2798 quem
748 2736 868 2782 serrum
882 2720 969 2780 iarum
982 2716 1025 2780 ad
1037 2719 1152 2780 cerem

142 2809 260 2887 ternpus
285 2805 498 2870 statuliberom
524 2805 692 2887 relinquere
718 2806 777 2884 vis,
808 2803 889 2869 nihil
916 2806 1052 2889 interest,
1078 2808 1151 2869 otro

142 2895 230 2960 modo
252 2913 367 3008 coreas,
391 2892 432 2958 ‘ss'
448 2891 596 2958 servierii'
615 2913 659 2956 or
678 2891 717 2957 ‘si
735 2913 842 2974 operas
859 2893 973 2958 dederit
991 2890 1153 2972 triennio¹‚

142 2982 217 3048 leber
239 2985 320 3047 esto.

231 3069 261 3134 5.
284 3068 366 3134 Ibid.
385 3071 405 3150 ξ
421 3069 449 3134 1.
473 3105 509 3116 -
530 3106 636 3116 —-
657 3067 802 3149 [Paulum
827 3069 854 3133 ei
878 3069 950 3152 quis
973 3068 1056 3132 liber
1079 3090 1152 3133 esse

141 3159 249 3223 iussus
272 3157 381 3241 fuerit,
408 3157 435 3223 si
458 3158 566 3223 decem
589 3157 697 3222 heredi
720 3157 930 3242 promisisset,
954 3178 1151 3241 quamquam

143 3267 180 3310 ea
203 3246 374 3330 promissio
397 3247 521 3312 nullam
543 3269 610 3312 rem
633 3246 785 3312 habitura
810 3250 867 3332 esi,
890 3251 998 3311 tamen
1016 3247 1152 3330 promit-

121 3335 238 3399 ·tendo
262 3336 473 3418 liberabitur]

216 3513 229 3560 1
250 3507 298 3562 Fr.
316 3509 340 3562 si
357 3510 476 3564 hiennio
496 3525 593 3580 operas
612 3508 729 3565 dederit.
