2506 3880
396 209 419 260 7.
442 205 479 260 Μ.
499 203 690 262 ANTISTIUS
709 205 830 262 LABEO
1055 205 1117 268 167

108 369 225 435 99919’.
263 375 295 433 19
315 392 350 432 99
369 373 521 451 dissentio,
545 374 625 452 quod
643 373 817 432 Triboniani
836 373 1003 435 adiutorem
1021 373 1118 433 Labe·

108 465 168 524 onis
200 462 367 523 sententias
394 463 441 521 vel
475 463 594 522 finxisse
622 463 671 524 vel
698 481 734 520 ex
760 461 895 522 lavoleni
921 463 1021 523 verbis
1048 482 1117 523 con·

107 552 209 612 fecisse
233 550 412 629 putaverim.

193 642 259 700 Iam
278 639 454 700 Triboniaui
471 640 534 701 sive
554 639 619 699 eius
638 639 783 699 adiutoria
801 639 833 697 in
850 641 1014 700 tractandis
1029 642 1117 701 Iavo-

107 730 165 788 leui
182 728 361 808 fragmentis
379 729 457 788 ratio
477 728 650 806 diligentius
664 728 848 803 inspicienda
861 731 915 789 est.
943 729 979 790 A.
993 729 1116 790 Pernice

106 818 175 879 173
201 821 233 878 91
255 817 396 877 Karlowa
418 818 510 877 1681
540 817 572 876 19
598 817 659 876 11119
688 817 865 894 fragmentis
889 817 1036 878 Labeonis
1065 838 1116 878 no-

106 908 183 966 mine
210 906 379 984 insignitis,
406 907 438 965 in
466 906 575 983 quibus
598 909 717 982 praeter
739 909 852 965 rectam
876 905 997 981 obliqua
1019 908 1115 967 oratio

108 995 273 1072 invenitur,
297 995 507 1070 compilatores
530 1013 566 1054 er
588 997 671 1054 recta
695 994 848 1072 obliquam
870 994 975 1054 fecisse
998 997 1117 1072 putant.

105 1087 210 1144 contra
238 1084 304 1160 quis
332 1084 454 1143 dixerit:
483 1083 605 1160 obliqua
632 1084 766 1143 oratione
789 1086 925 1142 utentem
948 1083 1117 1142 Labeonem

107 1191 125 1231 a
147 1172 289 1234 Iauoleno
311 1173 488 1249 plerumque
512 1172 677 1245 introduci,
700 1175 735 1231 91
759 1172 810 1231 ubi
833 1176 916 1232 recta
937 1172 1117 1246 inveniatur,

107 1280 142 1321 ea
169 1263 300 1338 suspicio
328 1262 455 1338 oriatur,
485 1280 545 1336 qna
573 1280 638 1320 eam
662 1261 838 1320 Tribouiani
860 1261 992 1321 adiutori
1014 1260 1117 1320 deberi

106 1350 318 1410 existimemus.
369 1369 496 1427 quarum
529 1349 745 1409 sententiarum
775 1350 838 1409 utri
870 1349 1116 1426 adstipulandum

106 1439 145 1499 sit
177 1458 359 1516 quamquam
396 1439 522 1498 dubium
554 1438 688 1515 videtur,
725 1442 827 1498 tamen
859 1458 934 1516 quae
966 1439 1045 1498 iufra
1076 1439 1118 1498 le-

105 1531 220 1604 guntur
246 1529 426 1605 fragmenta,
454 1527 634 1604 ubicumque
662 1530 746 1586 recta
768 1528 864 1587 oratio
891 1528 1018 1605 legitur,
1047 1547 1116 1588 cum

105 1616 222 1692 possint
244 1616 392 1676 Labeonis
415 1616 481 1693 ipsa
504 1614 595 1677 verba
619 1617 767 1692 9999999,
782 1616 908 1678 cursivis
931 1616 1042 1676 litteris
1066 1618 1115 1677 de-

105 1705 263 1765 scribenda
284 1706 399 1782 putavi.

194 1795 231 1853 In
248 1794 382 1854 Iauoleni
405 1792 582 1872 fragmentis
600 1792 748 1852 Labeonis
771 1793 890 1853 nomine
913 1793 1065 1871 insignitis
1084 1795 1116 1854 in

104 1879 166 1942 alio
194 1886 349 1958 praeterea
375 1901 483 1961 genere
515 1882 745 1957 compilatorum
777 1901 883 1942 manus
916 1883 1117 1960 cognoscitur.

102 1972 249 2049 pleraque
273 1973 350 2031 enim
373 1973 544 2048 fragmenta
566 1971 694 2047 exempli
712 1989 802 2030 causa
821 1966 874 2032 ‘te'
895 1972 980 2050 quasi
999 1976 1116 2048 partem

102 2061 263 2121 inducunt:
296 2060 327 2119 P.
345 2063 417 2122 163.
438 2061 511 2136 171,
526 2063 554 2120 3.
576 2061 648 2138 172,
663 2063 693 2120 4.
714 2062 742 2120 6.
764 2063 836 2122 176.
857 2063 971 2138 199,1.
993 2064 1021 2121 3.
1042 2064 1115 2122 201.

104 2152 179 2210 204.
201 2151 273 2211 205.
290 2151 362 2226 209,
379 2153 406 2208 1.
422 2152 496 2220 212,
511 2151 540 2208 2.
555 2151 583 2208 4.
600 2151 627 2209 5.
645 2150 673 2209 8.
689 2151 761 2210 213.
777 2152 852 2209 216.
867 2153 944 2227 219,
963 2150 1024 2210 9119
1043 2145 1114 2210 ‘me'

103 2240 136 2297 et
155 2232 225 2298 ‘te'z
246 2239 278 2299 P.
295 2241 366 2310 172,
382 2240 412 2299 3.
431 2241 459 2298 4.
481 2240 553 2316 212,
569 2239 598 2296 4.
614 2241 642 2298 7.
676 2258 751 2314 quae
771 2258 952 2317 quamquam
969 2239 1002 2298 19
1020 2242 1115 2301 911999

104 2347 226 2404 qnoque
240 2328 375 2389 Iavolani
389 2328 625 2404 fragmentorum
642 2328 718 2387 serie
733 2328 928 2388 inveniuntur
943 2321 989 2409 (P.
1003 2332 1115 2407 186pr.

104 2418 179 2476 207.
206 2419 280 2494 227,
299 2418 329 2476 3.
353 2418 415 2476 231
441 2420 472 2476 91
496 2409 588 2498 217),
620 2417 652 2474 19
679 2417 735 2474 999
763 2417 838 2475 serie
868 2417 991 2477 docendi
1019 2419 1117 2478 forma

101 2524 260 2583 nunquam
292 2505 410 2566 obviam
441 2505 489 2579 fit,
520 2505 552 2563 in
584 2505 639 2562 illa
669 2504 744 2562 talia
776 2505 930 2580 leguntur:
964 2500 1115 2568 ‘Mandant

101 2595 190 2673 tibi,
221 2597 257 2654 ut
290 2597 443 2653 excuteres
467 2639 473 2652 .
494 2637 501 2653 .
522 2636 528 2650 .
552 2592 731 2651 renuntiasti
767 2590 854 2649 mihi
955 2591 1028 2650 dixi
1061 2588 1115 2676 (sc.

101 2683 180 2742 iuris
217 2675 400 2760 consultus)'
432 2682 468 2742 D.
490 2684 540 2758 19,
559 2683 587 2738 2.
609 2683 659 2760 60,
683 2681 704 2738 4
732 2679 793 2739 vel:
831 2673 968 2736 ‘Servum
1001 2700 1114 2740 meum

102 2772 270 2832 mulionem
293 2771 477 2832 conduxisti
576 2769 654 2828 dico
678 2759 731 2850 (sc.
755 2766 828 2826 iuris
853 2759 1048 2849 consultus)';
1077 2764 1115 2829 ‘si

102 2860 168 2920 siue
193 2861 365 2920 definitione
389 2877 533 2936 personae
557 2859 720 2918 mulionem
743 2875 762 2916 a
784 2875 835 2916 me
858 2856 1066 2916 conduxisti
1085 2861 1116 2917 et

100 2968 170 3026 ego
199 2969 269 3008 eum
295 2949 366 3009 tibi
394 2948 541 3008 dedissem
659 2948 717 3007 919
747 2938 800 3028 (sc.
829 2946 905 3006 iuris
933 2938 1115 3028 consultus)'

100 3037 139 3097 D.
155 3038 228 3098 ibid.
244 3036 263 3114 ξ
281 3041 299 3098 7
323 3039 385 3099 vel:
409 3032 480 3107 ‘Qui
501 3038 629 3097 fundum
652 3037 798 3096 mandatu
820 3055 895 3095 meo
918 3035 950 3094 19
973 3035 1114 3094 societate

100 3127 194 3186 mihi
218 3131 248 3186 et
272 3126 329 3185 sibi
352 3129 466 3186 emerat
565 3127 738 3202 priusquam
762 3125 849 3183 mihi
872 3124 1033 3199 daret...,
1056 3143 1115 3182 ne·

98 3215 188 3292 gavi
212 3207 266 3297 (sc.
289 3215 364 3274 iuris
387 3205 570 3296 consultus)'
589 3215 625 3272 D.
640 3215 691 3286 32,
708 3215 758 3286 30,
772 3216 802 3272 4.
842 3213 918 3271 talia
941 3212 1115 3289 diligentem

102 3305 284 3380 scriptorem
311 3322 371 3363 non
394 3303 492 3363 dicere
515 3321 584 3362 cum
606 3300 706 3377 palam
731 3300 888 3375 sitneque
911 3299 997 3375 alibi,
1024 3320 1116 3376 quan-

101 3397 172 3452 tum
194 3392 291 3471 video,
315 3392 425 3452 similia
447 3391 571 3450 iniuria
589 3390 793 3450 consultorum
812 3388 897 3448 libris
915 3389 1115 3467 inveniantur,

102 3484 186 3542 mala
209 3499 407 3558 personarum
429 3481 563 3540 confusio
587 3478 802 3538 Tribonianum
826 3478 912 3552 sapit.

194 3570 251 3630 Η19
269 3569 445 3648 fragmentis
465 3569 590 3644 denique
610 3567 900 3645 9119032231,
920 3566 999 3645 quod
1017 3567 1115 3643 ipsum
