2506 3880
382 178 407 228 7.
432 171 469 227 11,
486 171 678 228 ANTISTIUS
696 171 817 228 LABEO
1043 172 1105 237 141

92 338 128 402 ud
150 337 250 402 lotias
280 335 418 418 corporis
445 335 687 400 catinattonem
714 337 787 402 tuce
813 337 905 403 naba
932 335 1109 418 referuntur

93 447 130 492 ιιι
149 446 223 492 vcro
247 427 293 491 ad
314 425 398 507 qaod
418 425 485 489 eius
505 425 630 490 interest
650 427 705 508 qai
727 427 904 509 stipulatur.

484 589 597 650 Damni
618 591 724 663 infecti.

178 692 257 756 247.
281 689 322 756 D.
339 690 392 772 39,
405 691 436 771 2,
451 691 503 772 24,
517 692 547 756 2.
588 689 677 756 Idem
702 688 890 780 (Ulpianus)
912 691 998 757 libro
1022 695 1110 758 octo-

96 781 241 866 gensimo
260 779 369 863 primo
391 779 432 844 ad
451 779 590 844 edictum
609 777 660 865 (P.
675 779 784 867 1753).
806 816 844 828 -
867 781 1043 846 ...vitium

97 869 222 934 aedium
248 869 296 948 [et
316 866 395 949 loci]
419 889 489 932 esse
507 868 616 933 Labeo
640 868 693 953 ait,
717 870 803 954 quod
827 868 973 935 accidens
992 869 1110 934 extrin-

95 979 187 1024 secus
210 957 407 1022 infirmiores
429 979 485 1022 eas
508 957 596 1022 facit.

183 1045 262 1111 248.
278 1043 319 1112 D.
328 1046 405 1110 ibid.
415 1048 435 1127 ξ
445 1046 474 1111 3.
489 1081 531 1092 -—
547 1043 637 1111 Haec
651 1046 820 1132 stipulatio
834 1049 944 1111 utrum
958 1044 992 1109 id
1006 1045 1112 1110 solum

95 1136 253 1202 damnum
285 1135 461 1218 contineat,
494 1135 580 1219 quod
612 1135 729 1200 iniuria
760 1135 810 1220 fit,
843 1156 883 1199 an
910 1156 987 1199 vero
1015 1155 1110 1199 omne

96 1225 268 1306 damnum,
296 1223 382 1307 qnod
409 1225 606 1288 extrinsecus
637 1224 828 1310 contingat?
875 1227 908 1288 et
930 1221 1039 1288 Labeo

97 1313 213 1379 scribit
241 1312 282 1376 de
310 1312 429 1376 damno
457 1312 532 1376 dato
560 1334 628 1378 non
654 1333 750 1396 posse
777 1313 845 1397 agi,
874 1313 902 1376 si
931 1311 1006 1397 quid
1029 1311 1123 1376 forte

97 1407 204 1467 terrae
232 1404 326 1465 motu
353 1405 409 1466 aut
436 1403 468 1466 vi
495 1401 638 1467 fluminis
664 1401 768 1467 aliove
791 1423 854 1486 quo
877 1423 954 1467 casu
975 1400 1112 1465 fortuito

96 1490 262 1556 acciderit.

187 1579 265 1644 249.
289 1577 327 1642 D.
340 1577 417 1642 ibid.
432 1581 452 1658 ξ
465 1579 496 1644 4.
518 1615 554 1625 -
577 1576 706 1644 Servius
724 1625 733 1643 .
748 1626 775 1642 ..
795 1581 899 1662 putat,
923 1578 952 1642 si
971 1600 1008 1642 ex
1028 1577 1113 1642 aedi·

96 1671 155 1734 bus
178 1667 391 1752 promissoris
408 1672 505 1732 vento
524 1668 653 1751 tegulae
673 1666 814 1732 deiectae
833 1668 985 1732 damnum
1004 1667 1112 1732 vicino

95 1757 262 1841 dederint,
293 1756 340 1820 ita
372 1777 444 1820 eum
476 1756 592 1839 teneri,
625 1757 653 1820 si
685 1755 822 1822 aedificii
851 1756 932 1821 vitio
965 1755 997 1820 id
1030 1756 1113 1820 acci-

97 1847 193 1930 derit,
219 1866 288 1910 non
312 1845 340 1909 si
363 1845 516 1911 violentia
540 1848 710 1911 ventorum
731 1846 784 1910 vel
806 1867 869 1930 qua
893 1845 958 1909 alia
979 1844 1116 1930 ratione,

96 1957 181 2021 quae
212 1935 280 1999 vim
309 1933 409 1998 habet
436 1934 585 1999 divinam.
631 1934 741 2000 Labeo
767 1938 800 1999 et
825 1933 985 2000 rationem
1008 1931 1116 2018 adicit,

95 2047 178 2110 quo,
208 2023 237 2088 si
264 2023 327 2087 hoe
349 2043 414 2088 non
438 2023 643 2108 admittatur,
670 2024 816 2108 iniquum
842 2024 915 2089 erit:
944 2045 1008 2108 quo
1031 2022 1115 2088 enim

96 2120 165 2178 tam
191 2113 323 2176 firmum
347 2111 525 2176 aedificium
548 2118 607 2196 est,
632 2116 670 2177 ut
691 2112 833 2179 fluminis
856 2118 913 2178 aut
936 2113 1035 2179 maris
1059 2114 1116 2178 aut

94 2201 309 2288 tempestatis
352 2205 407 2265 aut
446 2201 557 2266 ruinae
598 2200 698 2285 <aut>
737 2203 877 2268 incendii
919 2207 976 2268 aut
1010 2207 1116 2268 terrae

94 2296 209 2357 motus
233 2289 301 2353 vim
324 2290 482 2354 sustinere
504 2289 631 2375 possit?

189 2378 281 2444 250⁴.
299 2377 338 2443 D.
348 2377 494 2459 itiner).
511 2415 549 2425 —
566 2377 656 2444 Idem
671 2378 801 2446 Servius
820 2384 924 2464 putat,
943 2382 970 2444 si
989 2383 1117 2446 contro-

95 2469 209 2534 versia
238 2487 341 2550 aquae
366 2467 507 2532 insulam
536 2468 744 2549 subverterit,
771 2468 884 2533 deinde
913 2469 1116 2553 stipulatoris

96 2555 253 2628 aedilicia
265 2554 437 2620 ceciderint
438 2555 540 2640 ‚nihil
555 2579 628 2622 eum
643 2578 681 2620 ex
696 2555 853 2639 stipulatu
863 2561 1117 2640 consecuturum,

96 2648 177 2731 quia
203 2644 238 2709 id
262 2665 320 2708 nec
344 2607 449 2728 operiri
467 2665 527 2710 noc
545 2646 610 2710 loci
628 2643 707 2708 vitio
725 2643 793 2706 fact
779 2647 847 2705 tum
867 2645 926 2705 est.
958 2643 987 2705 si
1007 2649 1115 2707 autem

95 2758 187 2821 aqua
212 2732 310 2798 vitiet
295 2733 598 2799 ttlundamentne
583 2732 667 2799 tsic
687 2729 866 2796 aedificium
885 2728 1010 2812 ruisset,
1033 2750 1119 2794 com·

96 2824 194 2890 mitti
219 2823 461 2905 stipulationem
485 2823 544 2887 ait.
573 2823 712 2887 multum
731 2820 815 2886 enim
838 2819 1009 2899 interesse,
1032 2819 1117 2902 quod

96 2917 172 2980 erat
199 2911 346 2995 alioquin
366 2911 504 2994 firmum,
527 2911 560 2977 vi
582 2909 726 2976 fluminis
749 2911 876 2995 lapsum
899 2909 942 2974 sit
961 2908 1119 2992 protinus,

95 3025 139 3067 an
175 3020 258 3064 vero
287 3003 363 3064 ante
391 3000 435 3065 sit
460 3000 556 3066 vitiat
557 3023 626 3084 um,
658 3000 772 3066 deinde
800 2999 846 3066 sic
874 2995 1035 3064 deciderit
1085 2999 1119 3061 et

94 3094 144 3156 ita
168 3088 285 3154 Labeo
308 3090 437 3173 probat3
467 3089 586 3154 etenim
610 3089 747 3154 multum
770 3089 941 3171 interesse,
970 3083 1056 3170 quod
1079 3085 1119 3149 ad
1226 3129 1227 3132 κ

94 3178 273 3265 Aquiliam
300 3177 454 3263 pertinet,
485 3200 601 3243 sanum
630 3178 703 3262 quis
732 3177 896 3242 hominem
925 3174 1050 3241 occidat
1077 3195 1120 3239 an

94 3290 177 3334 vero
203 3266 328 3330 factum
351 3266 605 3333 imbecilliorem.

194 3351 288 3421 teob.
312 3353 545 3436 D.ibid.§11.
568 3391 606 3403 -
645 3352 798 3420 ..Labeo
817 3354 911 3436 putat
930 3351 1120 3435 ...referre

97 3450 215 3513 uerum
250 3442 392 3527 impulsu
423 3443 566 3508 fluminis
598 3405 664 3508 rdit
695 3441 874 3507 aedificium
907 3463 948 3506 an
979 3441 1033 3552 det
1018 3442 1121 3509 terius
1225 3457 1226 3514 j

100 3539 179 3599 ante
204 3532 274 3596 fact
260 3537 329 3596 tum
353 3538 429 3617 post
431 3554 468 3597 ea
415 3531 651 3596 tceciderit.
