2568 3890
155 157 220 222 236
257 159 278 214 Ι.
301 157 455 213 AETATIS
474 156 631 212 AUGUSTI
649 157 697 211 ET
717 156 851 211 TIBERII
870 155 967 212 IURIS
988 155 1167 212 corisum

155 321 304 386 confecta
330 319 438 384 virilia
464 321 526 386 uiri
554 341 640 404 6666,
666 324 703 385 66
729 319 757 384 16
780 321 874 394 lanae
901 321 995 386 uxori
1022 323 1168 403 praestet

154 410 310 495 pretium3
342 409 397 474 sed
430 409 458 473 si
491 431 557 474 non
589 409 697 474 virilia
728 410 922 473 vestimenta
950 431 1008 474 suo
1035 409 1167 473 nomine

155 499 272 564 mulier
295 497 442 579 confecit,
457 499 522 563 sed
545 519 583 563 ea
606 499 675 563 viro
696 497 835 576 donavit,
858 519 924 562 non
941 499 1048 562 valere
1068 497 1167 562 dona·

155 589 290 670 tionem,
322 608 394 651 cum
425 588 483 652 illa
510 588 630 662 valeat,
664 609 737 651 cum
768 585 919 670 <virilia>
948 587 1010 650 viri
1038 587 1166 651 nomine
1199 587 1203 594 ’

156 676 307 760 confecit,
330 697 389 740 neo
407 697 561 761 umquam
580 697 694 760 operas
713 675 774 739 viri
793 676 984 740 ancillarum
1001 676 1168 740 aestimari

155 765 316 832 convenit

247 855 298 920 70.
334 854 373 919 Ι).
388 855 440 938 24,
455 854 485 938 3,
502 855 600 938 18666.
652 853 849 937 Pomponius
881 853 966 918 libro
995 856 1085 918 sexto
1114 853 1167 917 de-

157 944 240 1009 cimo
269 943 309 1007 ad
337 941 492 1007 Sabinum
520 939 570 1029 (Ρ.
572 939 739 1094 ἡ627’).--
762 941 874 1007 Etiam
900 941 986 1005 filios
1016 941 1170 1027 mulieris,

158 1033 214 1118 qui
240 1035 298 1118 pat
298 1032 327 1096 ri
283 1031 486 1096 theredes
515 1032 721 1115 exst1it,erunt
743 1031 778 1094 in
801 1030 834 1094 id
857 1031 942 1114 quod
964 1029 1070 1095 fecere
1092 1052 1168 1114 pos-

157 1125 233 1186 sunt
219 1120 517 1186 tcondemnandos
540 1119 649 1184 Labeo
674 1083 729 1185 sit

248 1211 298 1275 71.
331 1208 370 1273 D
385 1210 439 1293 24
458 1209 487 1286 3,
507 1208 559 1290 64,
578 1209 608 1274 9.
658 1208 819 1292 Ulpianus
847 1207 931 1272 libro
956 1159 1098 1310 septimo
1127 1209 1168 1272 ad

157 1301 262 1385 legem
280 1298 397 1363 Iuliam
417 1303 449 1361 66
466 1258 601 1381 Papiam
622 1293 672 1383 (P
686 1295 859 1382 2010).-
817 1295 976 1360 -De
947 1318 1016 1361 v1ro
1035 1296 1169 1361 herede-

159 1409 220 1472 que
240 1388 309 1452 eius
328 1387 380 1451 lex
400 1385 459 1470 (sc.
477 1385 561 1450 Iulia
579 1385 617 1449 de
636 1386 825 1451 maritandis
844 1381 1024 1472 ordinibus)
1040 1388 1169 1450 tantum

42 1525 45 1532 .
157 1477 312 1561 loquitur3
347 1476 386 1539 de
419 1496 530 1540 socero
564 1475 867 1559 successoribusque
897 1475 999 1539 soceri
1026 1473 1107 1538 nihil
1135 1474 1169 1539 in

160 1566 231 1650 lege
252 1566 483 1649 scriptumest,
502 1563 733 1629 ethocLubeo
750 1563 842 1648 quasi
857 1564 1012 1628 omissum
1028 1562 1170 1628 adnotat.

249 1677 284 1736 cf.
304 1677 339 1734 D.
353 1675 425 1734 ibid.
440 1673 504 1751 §s
550 1675 643 1735 Dabit
671 1679 785 1751 autem,
812 1678 847 1734 ut
874 1676 917 1735 666
904 1675 1000 1750 6,166
1028 1675 1109 1751 quod
1131 1675 1171 1734 ad

159 1785 226 1825 enm
245 1764 421 1841 pervenit.
433 1764 515 1838 ,67
542 1764 644 1824 Adicit
632 1769 683 1824 tur
701 1765 732 1823 in
751 1765 826 1842 lege,
844 1766 881 1823 ut
899 1767 938 1839 et,
957 1765 983 1822 si
1001 1763 1070 1823 dolo
1089 1765 1171 1824 malo

159 1855 272 1932 aliquid
291 1855 404 1913 factum
422 1854 470 1928 666,
494 1872 553 1931 quo
572 1854 671 1913 minus
690 1854 729 1913 sd
747 1873 815 1912 eum
833 1852 998 1929 perveniat,
1021 1854 1170 1912 teneatur.

578 2031 658 2089 Det
657 2032 749 2090 666166.

251 2149 302 2214 72.
328 2147 396 2213 Gai.
413 2150 442 2232 1,
459 2148 531 2213 188.
558 2183 594 2194 -
644 2153 832 2234 ..apparet
855 2152 935 2234 quot
958 2149 1025 2213 sint
1048 2150 1171 2233 species

160 2237 344 2302 tutelarum.
395 2237 423 2300 si
450 2259 525 2301 vero
557 2195 761 2321 quaeramus,
794 2239 828 2302 in
857 2240 934 2322 quot
963 2259 1080 2322 genera
1107 2238 1171 2304 hae

162 2327 286 2410 species
314 2325 519 2409 diducuntur,
543 2326 643 2408 longa
666 2327 728 2390 erit
752 2326 943 2411 disputatio,
970 2348 1044 2390 nam
1068 2326 1108 2391 de
1132 2349 1171 2391 66

160 2437 195 2480 66
231 2416 325 2479 valde
361 2418 486 2479 veteres
519 2414 749 2479 dubitaverunt
868 2415 996 2499 quidam
1030 2416 1170 2500 quinque

186 2525 281 2568 66666
304 2525 374 2568 6666
398 2503 562 2582 dixerunt,
585 2507 622 2566 ut
646 2501 682 2579 Q.
705 2503 844 2588 Mucius,
868 2504 923 2568 alii
946 2504 1019 2587 tria,
1042 2508 1079 2568 ut
1102 2502 1171 2569 Ser.

161 2525 335 2676 §ulpicius
359 2592 416 2656 alii
439 2592 515 2675 due,
538 2596 575 2656 66
597 2591 714 2658 Labeo.

250 2705 287 2764 cf.
310 2705 326 2763 I
343 2724 372 2780 p.
388 2705 439 2765 86.

252 2807 303 2872 73.
325 2804 395 2869 Gai.
405 2806 436 2887 2,
445 2806 609 2870 229-31.
626 2842 665 2852 -
682 2805 767 2869 Ante
786 2805 912 2869 heredis
931 2805 1170 2871 institutionem

161 2895 320 2960 inutiliter
352 2896 479 2978 legatur
599 2915 658 2957 666
691 2893 824 2957 libertas
858 2897 933 2958 unte
964 2894 1091 2958 heredis
1123 2896 1171 2960 in-

162 2985 364 3049 stitutionem
393 2982 462 3046 dari
490 2985 609 3066 potest.
654 2983 759 3047 nostri
788 2987 1012 3067 praeceptores
1040 3004 1099 3048 neo
1122 2987 1171 3048 tu-

161 3078 266 3138 torem
294 3093 332 3136 66
361 3071 432 3136 1666
461 3070 531 3135 dari
558 3091 654 3154 posse
683 3069 883 3156 existimant3
917 3072 972 3136 sed
999 3071 1110 3137 Labeo
1138 3075 1172 3136 et

161 3162 317 3226 Proculus
340 3164 483 3225 tutorem
505 3181 598 3242 posse
622 3159 701 3243 dari,
725 3161 810 3245 quod
832 3159 915 3224 nihil
934 3181 972 3224 ex
990 3160 1172 3226 hereditate

161 3253 315 3334 erogatur
337 3249 455 3314 tutoris
478 3248 617 3313 datione.

253 3339 303 3403 74.
340 3337 378 3405 D.
402 3339 455 3416 26,
477 3336 508 3422 4,
531 3337 562 3416 5,
584 3338 613 3402 2.
667 3337 829 3421 Ulpianus
861 3338 946 3402 libro
979 3337 1172 3422 trigessimo

83 3429 92 3444 '
163 3427 277 3509 quinto
311 3427 351 3490 ad
379 3427 518 3490 edictum
547 3425 596 3512 (P.
617 3426 727 3510 1000).
755 3463 799 3474 -
826 3426 865 3490 In
892 3427 1047 3510 legitimis
1076 3429 1108 3490 et
1135 3425 1172 3492 in

162 3513 227 3596 his,
261 3515 316 3597 qui
344 3537 362 3579 a
389 3514 635 3599 magistratibus
663 3515 793 3601 dantur,
825 3515 1007 3600 quaesitum
1037 3518 1099 3594 est,
1128 3537 1172 3580 an
