2512 3888
162 191 229 256 422
269 190 304 245 ΙΙ.
328 189 395 246 ΤΙΒ.
419 187 494 244 (san
516 186 644 244 GLAUD.
666 186 927 246 sarromalus.
951 185 1047 242 IURIS
1070 183 1172 242 CONS.

164 353 351 418 scandentes
384 352 423 416 ad
440 351 700 418 'similitudinem
728 350 870 416 filiorum
899 350 1092 416 nominatim
1119 372 1171 415 ex-

161 440 335 506 heredsndi
354 446 439 526 sunt,
457 463 497 506 ne
516 443 747 506 tastamentum
768 439 993 525 adgnasosndo
1012 443 1172 523 rumpant.

251 533 332 594 Haeo
350 536 442 596 verba
457 535 567 595 Sabino
585 533 777 594 attribuenda
795 552 860 594 assa
874 533 967 593 Lanal
980 533 1049 593 inda
1063 533 1172 594 oonioit

162 623 242 701 quod
269 623 416 701 Ulpianus
447 625 562 702 pergit:
589 623 748 683 Postumos
776 625 879 683 antem
904 622 1030 682 dicimus
1053 625 1129 701 atq.
1149 641 1172 682 s.

387 821 434 880 De
456 821 577 879 oratione
599 837 619 878 a
641 821 773 878 testatore
794 819 946 894 imperat.

250 936 421 1003 ‘Extranais
453 943 612 1002 herodibus
639 943 717 1001 solat
743 941 835 1002 oratio
863 941 940 1018 dari,
971 941 1003 1000 id
1030 944 1078 1001 ast
1104 941 1172 1000 finis

163 1031 361 1110 deliberandi,
388 1035 424 1091 ut
450 1031 531 1091 intra
558 1036 673 1091 eertum
700 1032 820 1106 tompus
846 1031 896 1091 vel
923 1030 1032 1090 adeant
1054 1030 1172 1090 heradi-

160 1123 268 1198 tatom,
296 1121 345 1180 val
372 1119 399 1181 si
425 1119 632 1197 madeant,
659 1119 802 1194 temporis
825 1119 883 1179 fine
906 1112 1172 1180 summoveantur'.

161 1207 229 1269 Gai.
247 1211 276 1282 2,
297 1211 370 1268 164.
416 1203 461 1268 ‘Ia
486 1209 585 1269 Titius
613 1209 698 1268 haras
726 1212 792 1276 esto
818 1207 989 1292 oarnitoqna
1012 1207 1044 1267 in
1068 1207 1172 1268 diebus

162 1291 326 1377 (rantum)
347 1297 490 1374 proximis
514 1298 623 1376 quibus
647 1296 722 1357 solas
740 1289 932 1374 poterisqua'.
973 1296 1037 1357 Gai
1054 1298 1172 1375 2,174.

253 1408 303 1473 14.
334 1406 374 1472 D.
393 1408 445 1488 22,
464 1408 494 1492 6,
513 1409 542 1472 3.
588 1405 787 1492 Pomponius
815 1405 901 1472 libro
927 1406 1026 1472 tertio
1052 1407 1092 1472 ad
1117 1405 1173 1473 Sa·

162 1496 275 1561 binum
299 1492 348 1582 (P.
363 1494 454 1584 416).
472 1533 514 1544 -
535 1495 715 1562 Plurimum
739 1497 883 1580 interest,
906 1499 1015 1560 utrum
1037 1495 1111 1581 quis
1133 1495 1171 1562 ds

161 1585 294 1650 alterius
331 1606 428 1650 oausa
461 1588 495 1650 st
525 1586 612 1651 facto
645 1606 711 1650 non
739 1585 836 1649 sciret
872 1606 915 1648 an
947 1584 986 1649 ds
1014 1585 1084 1650 iura
1114 1607 1171 1650 suo

159 1673 299 1758 ignorat.
351 1674 406 1739 aad
439 1671 571 1740 Cassius
604 1673 823 1758 ignorantiam
856 1671 1010 1738 Sabinum
1041 1674 1090 1739 ita
1122 1696 1172 1739 ao·

160 1762 342 1846 sipiendam
365 1763 568 1829 existimasse
586 1763 697 1828 refert:
719 1785 785 1827 non
803 1761 961 1846 deperditi
980 1765 1013 1828 at
1035 1763 1173 1828 nimium

160 1851 264 1916 saouri
286 1851 437 1917 hominis.

247 1970 292 2030 Da
310 1971 445 2031 instituti
463 1972 580 2032 horodis
600 1965 794 2050 ‘ignorantia'
811 1974 842 2032 at
855 1964 1003 2032 ‘seientia'
1017 1992 1046 2033 v.
1061 1973 1173 2035 Paulus

160 2057 198 2115 ad
216 2057 359 2117 Sabinum
373 2060 410 2118 D.
421 2063 472 2138 37,
485 2063 513 2138 1,
524 2063 566 2121 10
580 2052 628 2140 (P.
640 2051 741 2142 1624)
761 2064 792 2121 at
806 2058 899 2120 Gaius
914 2063 1018 2136 2,172
1043 2055 1062 2120 ³.
1073 2109 1080 2123 .
1092 2109 1099 2123 .
1111 2081 1173 2124 ora·

159 2145 241 2204 tione
260 2146 332 2205 data
349 2148 427 2206 nulli
446 2148 509 2208 dias
527 2151 749 2226 computantur,
766 2149 825 2208 nisi
843 2150 951 2226 quibus
970 2149 1073 2211 soiarit
1092 2153 1173 2230 quis·

160 2252 218 2311 qus
242 2253 273 2294 sa
296 2235 434 2295 haradanr
457 2255 522 2297 6666
544 2231 740 2297 institutnm'.

434 2423 481 2483 De
502 2425 679 2484 institutione
700 2425 899 2486 condicionali.

249 2543 285 2603 In
312 2545 459 2607 librorum
487 2547 525 2607 ad
549 2548 617 2608 Sab.
646 2549 827 2624 scriptorum
854 2550 1030 2628 fragmentis
1055 2550 1094 2612 da
1118 2553 1174 2613 hao

158 2632 377 2786 ἒῖὂτξεεθέἓὲξ
399 2636 502 2714 Pomp.
519 2638 685 2716 390391,
708 2637 793 2698 Paul.
810 2630 1073 2721 1666165040),
1104 2640 1175 2718 Uip.

250 2835 300 2899 15.
332 2833 370 2899 D.
387 2835 483 2918 36,1,
500 2835 549 2900 14.
586 2835 784 2920 Pomponius
806 2836 891 2903 libro
915 2842 1030 2904 octavo
1050 2838 1094 2904 ad
1115 2839 1174 2906 Sa·

157 2922 271 2986 binum
299 2921 350 3011 (P.
368 2921 471 3008 salt).
497 2959 535 2970 -
562 2923 676 2989 ‘Titius
709 2926 737 2990 si
768 2929 895 2992 statuas
927 2927 963 2991 in
995 2927 1174 3014 municipio

157 3012 312 3095 posuerit,
333 3011 427 3077 haras
451 3011 541 3077 esto’.
583 3013 610 3076 si
628 3017 762 3097 paratus
782 3019 831 3080 est
849 3037 980 3100 ponere,
1002 3015 1058 3080 sed
1077 3016 1174 3083 locus

159 3121 178 3163 a
197 3100 412 3184 municipibus
432 3099 462 3164 ei
480 3122 546 3165 non
566 3101 669 3182 datur,
689 3100 827 3168 Sabinus
842 3102 998 3170 Proculus
1017 3104 1176 3172 herodem

158 3209 232 3252 eum
254 3188 323 3252 fora
347 3191 380 3254 et
401 3190 436 3253 in
459 3189 568 3272 legato
592 3191 676 3256 idem
699 3193 779 3257 iuris
804 3214 873 3258 essa
897 3192 1017 3259 dicunt.

250 3277 299 3342 16.
324 3276 363 3341 D.
377 3277 430 3362 35,
446 3281 474 3360 1,
489 3278 519 3362 6,
535 3282 563 3345 1.
591 3279 789 3365 Pomponius
804 3281 888 3347 libro
907 3282 1005 3346 tertio
1021 3282 1062 3347 ad
1077 3281 1176 3350 Sabi·

158 3383 235 3425 num
255 3360 303 3450 (P.
318 3365 410 3449 423).
437 3400 475 3412 ·-
502 3365 536 3431 si
559 3389 669 3434 servos
693 3374 797 3435 oartos
820 3369 893 3456 quis
915 3371 1179 3457 manumisisset,

154 3447 251 3513 hares
280 3473 350 3515 6666
377 3453 483 3518 iussus
508 3461 586 3521 arat.
633 3457 823 3541 quibusdam
848 3480 888 3524 ax
909 3459 960 3524 his
984 3463 1060 3525 anta
1085 3483 1176 3528 mor·

157 3535 222 3598 tuis
254 3534 408 3604 Neratius
445 3544 614 3627 respondit
651 3544 743 3609 defici
781 3568 853 3611 eum
891 3547 1078 3614 condicione
1113 3571 1178 3616 noo
