2550 3888
163 205 203 270 16
241 207 261 263 Ι.
286 207 441 263 ΑΕΤΑΤΙΒ
460 206 621 263 AUGUSTI
643 207 690 263 ΕΤ
713 207 850 263 TIBERII
872 208 969 264 roms
995 208 1172 266 corisum

161 376 193 435 id
218 376 342 435 maximi
363 376 509 436 momenti
532 377 569 436 ad
592 376 791 437 hereditatem
808 377 948 454 pertinet.
986 373 1171 440 ‘hereditatis

161 466 345 524 bonorumve
377 465 540 543 possessio,
571 472 607 526 ut
633 465 733 526 Labeo
764 466 881 545 scribit,
912 486 973 526 non
999 467 1048 526 uti
1074 486 1172 527 rerum

161 553 311 630 possessio
335 554 509 630 accipienda
531 557 589 614 eet:
614 557 660 614 est
682 555 762 614 enim
784 554 859 614 iuris
882 556 979 634 magis
1001 575 1090 634 quem
1110 575 1171 626 eor-

162 645 243 718 poris
271 635 432 718 possessio'
453 642 561 721 D.37,
578 648 611 720 1,
630 646 707 721 3,1.
753 644 855 721 itaque
882 663 942 704 non
969 645 1065 721 ipsam
1089 646 1170 706 hers·
1199 681 1202 688 ·

162 731 301 806 ditatem,
341 731 374 791 id
409 732 488 809 quod
524 751 618 809 usque
655 733 694 791 ad
729 732 806 792 illud
841 737 961 809 tempus
997 733 1173 794 credebatur

164 814 243 900 (Gai.
259 823 291 898 2,
307 813 378 902 54),
407 821 460 880 sed
482 824 601 880 tantum
624 839 671 880 res
695 821 891 881 hereditarias
913 822 1041 898 usueapi
1064 822 1172 900 doonit,

162 910 242 987 quod
259 911 309 969 rel
324 909 437 969 Seneoe
449 929 510 970 nou
523 909 681 971 intellexit.
718 904 805 968 ‘iuris
819 905 1046 988 oonsultornm',
1065 912 1109 971 ait
1122 911 1172 972 ille

162 1000 199 1059 de
212 998 309 1059 benef.
321 1002 349 1076 6,
361 1001 389 1074 5,
401 1001 430 1071 3,
449 991 536 1057 ‘istae
551 1000 657 1058 acutae
671 998 802 1074 ineptiae
817 1003 897 1075 sunt,
911 1000 963 1076 qui
977 1000 1173 1060 hereditatem
1266 1021 1267 1034 ¹

162 1090 275 1166 negent
301 1089 428 1163 nsuoepi
453 1097 553 1164 posse,
582 1086 634 1146 sed
662 1105 698 1146 ea
725 1107 802 1164 quae
828 1089 861 1147 in
889 1081 1055 1148 hereditate
1083 1085 1172 1150 sunt'.

162 1180 195 1236 at
217 1177 292 1236 iuris
315 1177 407 1253 periti
424 1175 572 1236 Labeonis
591 1175 758 1236 doctrinam
776 1178 872 1236 seouti
890 1180 969 1239 sunt.
1005 1175 1116 1255 Gaio,
1133 1181 1173 1238 14

163 1261 377 1344 ‘incorporales
405 1268 475 1324 sunt
503 1256 578 1346 (res)
607 1284 683 1341 quae
710 1266 796 1343 tangi
818 1284 877 1326 non
904 1269 1044 1344 possunt,
1072 1268 1174 1343 qualia

162 1358 233 1415 sunt
260 1373 296 1414 ea
324 1373 400 1432 quae
427 1355 493 1414 iure
518 1353 699 1432 consistunt,
727 1355 807 1414 sieut
833 1354 984 1414 hereditas
1059 1374 1113 1433 neo
1136 1357 1174 1415 ad

160 1464 225 1504 rem
238 1436 400 1521 per<tinet,
414 1442 494 1520 quod
505 1443 536 1502 in
545 1442 710 1502 hereditate
722 1462 770 1502 res
780 1445 951 1521 corporales
961 1439 1174 1525 oon>tinentur

255 1551 326 1591 narn
356 1533 456 1607 ipsum
487 1532 535 1591 ins
568 1532 763 1592 suooessionis
889 1533 1076 1609 incorporale
1107 1527 1173 1600 est’.

164 1624 193 1696 2,
209 1623 250 1681 54
274 1615 358 1681 ‘olim
378 1667 429 1681 ...
448 1615 531 1696 ipsae
554 1621 737 1680 hereditates
760 1622 885 1696 usuoepi
904 1622 1104 1681 credebantur
1123 1668 1129 1682 .
1145 1669 1174 1682 ..

161 1713 267 1786 postea
293 1709 441 1770 creditum
469 1753 498 1770 ..
525 1710 606 1786 ipsas
629 1710 812 1770 hereditates
835 1711 961 1786 nsuoapi
982 1729 1043 1771 non
1065 1707 1173 1787 posse'.

162 1799 248 1860 onius
278 1798 433 1859 doetrinae
460 1800 532 1876 quin
558 1798 659 1859 Labeo
692 1802 797 1858 auctor
823 1799 929 1876 fuerit,
962 1800 1096 1860 dubitari
1124 1801 1174 1862 vix

161 1892 270 1964 potest.

251 1977 361 2054 „Nioht
383 1997 419 2035 zu
441 1978 643 2036 rerweohseln
666 1976 722 2036 mit
744 1976 845 2037 diesen
867 1977 931 2037 rein
953 1977 1175 2038 theoretisohen

162 2065 384 2125 Distinotionen
403 2065 469 2124 sind
483 2063 531 2124 die
546 2065 689 2124 znnaohst
703 2065 756 2124 der
769 2066 963 2142 praktisohen
976 2066 1174 2146 Anwondung

163 2152 214 2212 des
242 2154 353 2213 Reohts
381 2153 547 2212 dienenden
575 2153 849 2232 Zergliederungon
877 2156 1025 2216 einzelner
1050 2155 1175 2216 Reohts·

162 2239 261 2304 thllef‘
298 2242 349 2302 sed
368 2259 550 2319 quamquam
567 2242 615 2301 vir
632 2241 823 2302 doetissimus
841 2263 868 2319 p.
880 2246 922 2304 25
939 2244 1037 2303 addit:
1056 2244 1176 2322 „Selbst

162 2350 209 2392 wo
238 2331 318 2397 disse
341 2331 567 2408 Erbrternngen
596 2331 659 2390 sich
682 2351 718 2389 zu
742 2332 939 2409 allgemeinen
962 2333 1176 2394 Reohtssataon

163 2422 314 2496 zuspitzen
346 2419 418 2480 oder
450 2439 503 2478 nur
530 2418 743 2479 Construction
770 2420 823 2479 der
851 2421 1100 2482 Rechtsinstitute
1128 2442 1175 2482 or·

163 2509 287 2569 weitern
310 2501 385 2591 (egl.
399 2529 422 2570 z.
435 2507 471 2570 Β.
486 2510 522 2569 D.
538 2510 567 2586 3,
583 2510 612 2587 5,
628 2511 656 2587 6,
672 2510 700 2568 6.
726 2511 754 2584 2,
771 2511 820 2569 14.
847 2511 874 2587 7,
891 2513 940 2571 14.
965 2512 1117 2588 eoam,
1130 2504 1176 2593 1),

162 2599 265 2658 bieten
287 2598 330 2658 sie
353 2599 452 2659 niohts
475 2598 543 2658 dem
564 2598 666 2657 Labeo
689 2598 980 2674 Eigenthhmliohes:
1010 2600 1052 2660 sie
1075 2599 1176 2662 finden

163 2688 226 2747 sioh
252 2687 302 2747 bei
329 2688 410 2748 alien
441 2686 665 2766 selbsttudigen
687 2687 825 2748 Juristen
852 2689 913 2747 und
935 2689 1067 2765 gehb'ren
1090 2691 1177 2750 reeht

163 2777 325 2854 eigentlioh
343 2797 379 2835 zu
397 2778 480 2835 ihrer
492 2773 619 2852 Kunst,“
637 2780 739 2835 temen
756 2795 852 2853 pauca
871 2777 945 2837 artis
961 2778 1024 2837 eius
1038 2777 1176 2856 exempla

162 2864 321 2939 proferam.
347 2865 446 2924 socius
455 2883 523 2923 oum
532 2865 686 2923 resisteret
696 2865 903 2924 communibus
913 2866 1006 2926 servis
1016 2867 1176 2927 venalibus

163 2953 202 3011 ad
220 2953 324 3030 fugam
342 2951 567 3028 erumpentibus
585 2953 760 3013 vulneratus
779 2956 837 3012 est:
856 2954 1020 3033 inpensam,
1040 2974 1130 3032 quam
1144 2956 1176 3014 in

164 3042 296 3100 curando
324 3059 355 3101 se
382 3041 499 3117 feeerit,
526 3060 586 3102 non
613 3045 844 3101 consecuturum
870 3062 925 3120 pro
953 3044 1033 3104 sooio
1057 3044 1176 3104 actione
1242 3082 1246 3088 ·

163 3131 263 3190 Labeo
292 3131 347 3206 ait,
371 3131 442 3208 quia
469 3130 500 3189 id
527 3150 587 3190 non
613 3130 645 3189 in
673 3131 859 3210 societatem,
888 3133 1024 3210 quamvis
1052 3137 1178 3210 propter
1266 3193 1267 3222 ,

165 3221 338 3280 societatem
355 3221 512 3296 inpensum
531 3220 571 3280 sit
584 3220 621 3279 D.
631 3222 681 3297 17,
690 3223 718 3298 2,
730 3221 781 3280 60.
818 3222 898 3297 quod
911 3222 1062 3282 meretrici
1075 3222 1177 3298 datur,
1266 3225 1267 3232 ’

164 3310 261 3384 repeti
287 3328 347 3367 non
374 3328 475 3387 posse,
505 3308 586 3386 quod
608 3309 702 3368 solius
725 3309 825 3369 dantis
848 3311 1003 3387 turpitudo
1025 3315 1177 3371 versetur:
1240 3355 1267 3372 ,.

164 3397 249 3455 illam
267 3399 346 3457 euim
365 3399 495 3474 turpiter·
512 3398 620 3476 faeere,
639 3398 720 3474 quod
739 3397 779 3457 sit
796 3400 948 3476 meretrix,
965 3418 1025 3458 non
1043 3400 1178 3476 turpiter
1218 3405 1223 3410 '

164 3485 306 3564 aooipere,
328 3505 397 3548 oum
420 3488 460 3546 sit
482 3487 624 3546 meretrix
641 3487 676 3547 D.
691 3489 741 3563 12,
752 3489 781 3566 5,
791 3490 822 3566 4,
833 3489 861 3548 3.
902 3489 980 3549 illud
1002 3508 1120 3566 quoque
1144 3489 1178 3546 in

32 3622 48 3648 ,
164 3593 228 3634 rem
242 3573 354 3634 domini
367 3594 485 3636 versum
495 3575 595 3636 Labeo
611 3576 662 3655 ait,
677 3577 758 3655 qnod
770 3580 927 3638 mutuatus
939 3595 1043 3639 servus
1054 3577 1177 3638 domino
