2568 3890
443 215 471 265 8.
492 209 521 264 O.
539 208 668 264 armus
688 210 818 266 OAPITO
1068 211 1133 276 267

216 377 298 448 Quae
326 382 494 454 sequuntur
515 373 607 438 ‘sient
629 380 701 438 lieet
723 379 797 438 mihi
819 380 1050 455 pretiosissimas
1073 381 1134 457 pia-

125 471 213 528 tnras
240 467 350 526 habere
378 467 410 526 in
436 468 551 543 pariete
578 468 740 544 eommuni3
770 471 902 527 ceterum
925 469 951 528 si
973 470 1134 530 demolitus

126 555 167 616 sit
194 555 313 616 3103333
338 557 369 615 33
396 575 431 615 ex
458 556 607 632 stipulatu
629 557 745 616 actione
768 557 869 615 damni
891 558 994 617 infesti
1016 562 1134 636 agatur,

124 663 187 704 303
210 644 305 720 pluris
329 663 419 722 quam
442 645 581 720 vulgaria
603 644 732 704 toetoria
755 645 908 705 aestimari
932 641 1051 707 debent'
1073 667 1135 707 303

125 732 280 809 Capitonis
303 735 382 808 sunt,
405 733 457 793 sed
480 733 609 794 Proculi.

213 821 354 884 Alterum
374 821 527 897 Capitonis
550 841 726 898 responsum
750 824 874 895 extaret,
899 822 1035 882 3333331
1053 830 1133 884 rente

125 910 281 989 coniceret,
300 911 337 969 D.
353 913 403 981 24,
419 913 448 988 3,
462 912 506 970 44
524 930 578 986 pro
593 905 690 972 ‘Cato’
709 910 810 987 potius
826 905 955 986 ‘Capito'
975 913 1133 989 legendnm

125 1017 197 1058 esse.
231 1000 342 1059 Penius
361 1000 440 1059 enim
458 999 535 1060 libro
554 1000 659 1075 quinto
674 999 889 1070 Quaestionum
906 1000 940 1061 P.
956 1002 1041 1061 1333
1060 1002 1135 1061 3300

12 1146 13 1160 ,
125 1087 182 1147 ait:
202 1081 246 1147 ‘Si
260 1106 344 1148 soeer
362 1106 380 1146 a
398 1107 507 1166 genero
523 1089 609 1148 heres
627 1088 787 1148 institutus
805 1089 913 1148 adierit
928 1091 1135 1168 hereditatem,

125 1177 303 1254 quandoque
326 1182 445 1237 mortno
468 1180 554 1252 patre
578 1196 647 1236 eum
669 1178 777 1236 herede
801 1177 865 1237 eins
888 1177 983 1236 filiam
1005 1178 1041 1237 33
1065 1177 1134 1238 3033

125 1268 261 1332 asturam
294 1266 395 1325 Nerva
427 1267 457 1325 et
489 1265 564 1326 Gato
596 1266 827 1343 responderunt,
859 1269 895 1325 33
927 1270 974 1326 333
1005 1268 1135 1326 relatum

126 1353 205 1429 apud
234 1353 360 1414 Sextum
383 1348 594 1430 Pomponium'
606 1355 799 1432 Digestorum
825 1356 864 1415 ab
887 1356 1030 1415 Aristone
1056 1355 1134 1416 libro

124 1438 252 1520 quinto'.
303 1447 335 1503 33
366 1444 494 1519 Ρ33133,
526 1443 611 1503 euius
643 1444 737 1503 rerba
772 1443 957 1522 referuntur,
990 1443 1134 1504 Catonem
1170 1468 1173 1474 ¹

124 1531 216 1596 etiam
239 1532 324 1592 libris
348 1533 387 1592 ad
410 1532 553 1592 Sabinum
576 1533 680 1592 133333
703 1525 752 1612 (D.
767 1535 818 1609 45,
835 1535 907 1612 1,4,
924 1527 968 1614 1).

402 1736 442 1797 II.
469 1736 661 1796 Decretum
684 1736 855 1798 eonsulia.

214 1853 253 1921 D.
273 1857 325 1938 23,
343 1857 374 1940 2,
393 1857 445 1922 28.
498 1855 683 1922 Marcianus
720 1854 806 1919 libro
844 1855 968 1921 decimo
1000 1856 1134 1922 Institu-

124 1943 250 2010 tionum
275 1943 326 2032 (P.
344 1941 430 2032 143).
453 1981 495 1993 -
518 1943 659 2010 Invitam
688 1944 839 2010 libertam
862 1967 995 2011 uxorem
1019 1947 1135 2012 ducere
1250 1949 1251 1953 ’

9 2063 10 2068 ’
124 2035 283 2117 patronus
306 2054 372 2098 non
395 2038 518 2117 potest3

141 2169 144 2176 «
215 2115 256 2186 Ι).
273 2123 325 2202 23,
343 2123 374 2208 2,
392 2123 445 2187 29.
500 2121 660 2205 Ulpianus
694 2121 778 2188 libro
814 2123 912 2188 tertio
951 2123 991 2188 ad
1028 2124 1134 2213 legem

124 2209 240 2276 Iuliam
261 2217 294 2274 et
311 2211 447 2296 Papiam
466 2209 515 2298 (P.
531 2208 655 2298 19900).
670 2248 711 2257 —
728 2211 814 2296 qnod
832 2216 865 2277 et
883 2213 998 2277 Ateius
1016 2211 1134 2297 Capito

124 2300 296 2364 consulatu
316 2322 374 2366 suo
392 2301 497 2365 fertur
515 2299 703 2366 decrevisse.
742 2300 817 2384 [300
835 2307 945 2366 tamen
962 2303 1009 2366 ita
1024 2302 1132 2367 obser·

124 2388 267 2454 vandum
295 2393 358 2472 eat,
389 2389 452 2454 nisi
480 2392 636 2472 patronus
664 2389 736 2453 ideo
764 2411 836 2454 eam
863 2391 1065 2470 manumisit,
1098 2395 1136 2456 ut

124 2499 258 2543 uxorem
282 2499 355 2542 eam
377 2479 496 2558 33033]

215 2597 414 2658 Tribonianua
437 2597 496 2657 330
520 2598 690 2671 fragmenta
707 2597 861 2656 eoniunxit
878 2598 958 2656 inter
976 2617 1009 2658 se
1026 2599 1135 2660 aliana.

124 2680 248 2762 ‘Uipian
281 2687 366 2746 hatte
398 2705 457 2747 ron
487 2686 731 2764 Fteigeiaasanen
764 2686 961 2763 gormorrham,
998 2686 1046 2745 die
1079 2689 1136 2748 mit

124 2775 221 2834 ihrem
244 2776 374 2836 Patrone
401 2775 607 2835 verheirathet
632 2774 713 2853 sind,
740 2773 801 2833 333
823 2792 887 2835 war
908 2775 988 2833 3333
1011 2777 1066 2834 auf
1086 2777 1134 2836 die

124 2864 289 2926 Verlobten
312 2865 551 2942 ubergegangen.
592 2863 650 2923 Die
668 2863 890 2924 rarheirathete
909 2863 1134 2942 Freigelassane

124 2951 206 3012 kann
229 2953 291 3014 siah
314 2953 398 3012 nieht
420 2953 475 3012 irei
500 2953 650 3026 soheiden,
681 2953 728 3012 die
751 2952 887 3014 verlobte
910 2953 979 3011 darf
998 2952 1135 3030 dagegen

124 3042 348 3119 znrtiektreten3
375 3061 433 3101 nur
459 3041 556 3121 nieht,
583 3061 669 3102 wenn
692 3044 735 3102 aie
758 3060 825 3101 zum
848 3041 972 3102 Zweeke
995 3041 1048 3099 der
1070 3041 1134 3101 Ehe

123 3130 320 3208 treigolassen
350 3131 471 3191 worden
502 3131 556 3191 ist:
589 3130 668 3190 3333
699 3131 740 3190 ist
766 3131 814 3189 ihr
837 3131 906 3206 jado
934 3131 1043 3190 andare
1071 3131 1134 3190 Eho

124 3221 171 3280 aia
194 3220 242 3279 333
266 3221 322 3279 mit
344 3220 413 3278 dem
434 3219 564 3279 Patrone
586 3212 741 3278 verboten’
764 3219 888 3280 Perniee
905 3219 953 3280 III
972 3219 1000 3278 S.
1016 3221 1089 3280 310.

215 3307 322 3384 Capito
350 3308 446 3387 igitur
473 3327 533 3368 non
560 3307 706 3368 decrevit:
735 3301 875 3367 ‘invitam
897 3309 1040 3368 libertam
1061 3327 1134 3368 uxo-

125 3415 190 3459 rom
214 3397 324 3457 ducere
346 3399 508 3474 patronum
526 3416 587 3456 non
605 3388 703 3472 posse’
724 3386 772 3478 (P.
788 3387 831 3476 2),
855 3397 906 3456 333
924 3397 1026 3472 potina
1043 3398 1134 3458 libar-

125 3489 190 3546 tam
217 3488 345 3562 patrono
373 3504 513 3561 sponsam
540 3485 680 3544 nuntium
707 3485 829 3544 mittere
856 3502 952 3560 pesse.
1002 3486 1058 3546 300
1086 3487 1135 3547 de·

125 3575 244 3634 eretum
267 3594 293 3636 3.
314 3568 408 3653 itale
436 3575 549 3634 fantum
576 3591 641 3634 esse
664 3577 803 3650 apparet,
830 3574 897 3649 laga
920 3572 1009 3632 Aelia
1031 3574 1136 3636 Sentis
