2512 3888
167 161 234 226 432
274 162 309 216 11.
334 159 498 215 Tindari
521 159 649 218 OLAUD.
668 160 805 219 Nason.
827 160 935 218 TEMP.
958 159 1055 217 IURIS
1078 159 1183 218 GONS.

168 329 252 391 forte
280 341 414 388 numero
443 324 508 389 sint
535 325 618 409 nati,
645 328 683 390 ut
711 347 747 388 ex
771 346 836 389 uno
859 347 941 390 unus
963 324 1014 389 vel
1039 323 1116 406 duo,
1144 346 1181 388 ex

171 415 272 480 altero
303 417 369 477 tres
397 414 448 477 vel
476 418 643 500 quattuor,
669 417 778 478 utrum
805 414 840 478 iu
869 414 985 498 stirpes
1013 412 1181 478 dividenda

170 503 214 566 sit
245 501 422 585 hereditas,
455 502 538 568 siout
564 503 648 568 inter
676 525 751 567 suos
779 502 911 568 heredes
938 501 1018 567 iuris
1046 504 1109 585 est,
1141 524 1182 566 au

170 592 279 675 potius
303 591 337 654 in
360 593 476 677 capita.

259 685 304 745 De
335 685 391 744 hao
422 705 455 745 re
482 684 627 745 Sabinum
654 704 772 763 quoque
798 685 909 745 dixisse
936 681 1099 745 verisimile
1127 688 1180 745 est

171 776 252 834 eerte
275 773 368 834 Gaius
395 774 492 834 addit:
525 768 597 833 ‘iam
625 775 739 835 dudum
765 779 866 833 tamen
889 772 1005 850 pleeuit
1026 773 1058 832 in
1082 775 1182 850 capita

168 863 362 925 dividendam
385 882 449 924 esse
472 858 691 923 hereditatem?

262 974 313 1040 33.
351 973 677 1058 D.38,10,10,16.
725 973 814 1038 Idem
843 969 900 1057 (sa
928 968 1064 1057 Paulus)
1097 972 1180 1038 libro

171 1063 330 1147 singulari
367 1063 405 1126 de
441 1062 596 1146 gradibus
634 1060 683 1149 (P.
707 1059 796 1147 876).
831 1099 870 1110 -
903 1060 1066 1127 Personae
1103 1084 1182 1145 quas

171 1151 430 1239 enumeravimus
459 1174 478 1214 a
505 1151 613 1235 patrui
636 1152 746 1236 magni
770 1151 837 1215 filio
861 1151 904 1234 ei,
932 1149 970 1214 de
994 1150 1086 1214 euius
1109 1172 1181 1235 eog-

171 1245 229 1305 nat
215 1242 305 1306 tione
329 1239 501 1341 quaeritur,
524 1241 656 1323 propius
676 1240 815 1305 sobrinis
835 1241 1000 1304 vocantur.
1041 1261 1127 1320 nam,
1149 1243 1185 1303 ut

171 1329 422 1395 Massuriust
376 1328 430 1413 ait,
453 1351 547 1414 quem
572 1330 643 1412 quis
667 1329 813 1413 appellat
834 1328 1020 1411 propiorem
1044 1289 1185 1415 sobrino,

171 1417 217 1484 etl
249 1424 299 1484 est
329 1419 432 1503 patris
465 1418 620 1483 matrisve
653 1417 865 1482 consobrinus
894 1420 951 1481 aut
977 1417 1182 1502 consobrina,

169 1507 286 1592 <ipse>
314 1508 356 1571 ab
380 1529 417 1572 eo
442 1507 627 1572 consobrini
650 1506 901 1572 consobrinaere
924 1505 1010 1570 iilius
1033 1506 1104 1571 filia
1126 1528 1182 1571 no-

172 1598 323 1662 minatur.

170 1778 172 1782 ,
261 1717 402 1777 Fortasse
426 1716 555 1777 Sabinus
579 1716 613 1786 Q.
636 1715 768 1776 Mucium
791 1707 821 1797 (Ι
837 1736 866 1793 p.
882 1707 960 1795 104)
984 1717 1108 1776 secutus
1131 1717 1186 1776 hae

171 1806 323 1866 ooeasione
348 1807 450 1867 oblata
472 1809 637 1884 monuerat,
661 1808 787 1884 agnatos
811 1804 935 1864 heredes
949 1801 994 1863 'er
1016 1805 1084 1883 lege
1110 1804 1183 1866 duo·

172 1894 267 1954 decim
298 1894 471 1955 tabularum
504 1895 624 1955 eosdem
654 1913 718 1954 esse
751 1900 840 1970 atque
872 1892 1023 1969 legitimos
1055 1895 1183 1954 tutores.

172 1985 209 2042 ef.
232 1982 380 2059 Ulpianus
402 1983 439 2042 D.
455 1984 506 2059 26,
520 1985 550 2059 4,
567 1988 583 2042 1
608 1983 641 2042 P.
657 1984 697 2043 25
710 2001 752 2060 sq.
798 1981 891 2042 Lenel
914 1982 933 2041 l.
948 2000 972 2042 e.
986 2000 1014 2057 p.
1031 1983 1083 2042 34.

573 2150 617 2205 De
634 2153 789 2220 pestilibus.

263 2249 308 2314 ‘Si
338 2255 441 2315 nullus
473 2259 602 2334 agnatus
634 2257 686 2333 sit,
719 2257 823 2316 eadem
853 2258 902 2316 lex
920 2256 980 2316 XII
1013 2257 1186 2316 tabularum

174 2344 305 2424 gentiles
329 2345 367 2404 ad
393 2344 591 2405 hereditatem
618 2339 726 2406 voeat’.
756 2344 820 2406 Gai.
840 2349 870 2424 3,
891 2348 940 2406 17.
985 2346 1065 2405 idem
1094 2343 1187 2406 Gaius

176 2429 287 2494 ‘totum
309 2433 495 2512 gentilicium
517 2434 613 2494 insin
633 2434 861 2495 desuetudinem
878 2428 999 2494 abiisse'
1019 2433 1114 2511 addit,
1136 2452 1189 2494 nea

175 2527 362 2600 compertum
385 2523 538 2601 habemus,
561 2543 633 2584 num
657 2523 758 2583 Sabini
781 2526 881 2584 aetate
902 2523 1060 2583 etiamtum
1078 2524 1111 2582 in
1130 2542 1188 2584 usu

175 2613 276 2674 fuerit.
309 2614 340 2672 in
367 2630 426 2672 usu
452 2613 545 2674 fuisse
567 2612 636 2673 inde
659 2612 801 2692 eonieias,
827 2613 906 2690 quod
930 2612 1010 2672 Suet.
1034 2610 1142 2672 Claud.
1166 2631 1189 2672 e.

178 2704 228 2762 12.
247 2703 342 2762 tradit
365 2695 551 2779 ‘peregrinae
575 2702 755 2763 condicionis
774 2703 908 2762 homines
925 2697 1024 2763 vetuit
1041 2719 1190 2778 usurpare

176 2793 311 2852 Romana
332 2791 454 2852 nomina
476 2792 633 2851 dumtaxat
654 2783 829 2869 gentilicia'.

389 2986 436 3045 De
458 2986 625 3044 libertorum
642 2985 864 3059 liberaremque
885 2986 975 3046 bona.

266 3111 311 3171 De
338 3110 516 3170 libertorum
544 3109 631 3169 bonis
659 3110 738 3187 quod
765 3108 803 3169 ad
825 3113 960 3170 nostram
982 3127 1046 3168 rem
1070 3109 1194 3184 attinet,

178 3202 327 3259 statutum
354 3203 400 3257 est
427 3217 494 3256 eum
521 3199 606 3258 noris
633 3199 765 3275 legibus,
794 3199 908 3258 seilieet
930 3198 1024 3274 Papia
1047 3201 1079 3258 et
1104 3199 1197 3258 Aelia

179 3287 284 3347 Sentia
307 3290 337 3346 et
354 3286 443 3345 Iunia
461 3277 640 3368 (Norbana),
664 3290 730 3346 turn
748 3289 870 3347 senatus
888 3286 1034 3347 oonsultis
1052 3287 1196 3364 inprimis

179 3373 304 3435 Claudio
322 3373 465 3451 principe,
485 3375 598 3434 scilieet
610 3376 697 3453 Lupo
717 3379 747 3435 et
760 3376 859 3454 Largo
878 3375 1051 3436 oonsulibus
1066 3369 1110 3459 (a.
1125 3370 1199 3456 42),

253 3537 267 3584 1
289 3531 336 3588 Fl.
355 3531 416 3599 qui.-
