2568 3890
136 148 203 212 240
238 149 259 206 Ι.
280 147 434 203 AETATIS
452 145 613 203 AUGUSTI
630 146 678 200 ET
698 145 834 201 TIBERII
850 145 949 201 IURIS
969 144 1147 202 CONSULTI

138 312 238 390 dicta,
271 311 341 396 agri
373 316 523 374 naturam
556 331 625 373 esse
659 310 850 374 servandam
882 313 915 372 et
948 331 1074 393 semper
1101 311 1149 373 in-

137 401 287 465 feriorem
325 399 482 483 superiori
519 399 638 463 servire
676 401 773 482 atque
809 399 871 463 hoc
907 398 1149 463 incommodum

138 489 330 553 naturaliter
362 488 431 572 pati
462 487 647 552 inferiorem
678 508 793 573 agrum
822 510 841 551 a
869 487 1033 570 superiore
1062 509 1148 552 com-

138 599 337 662 pensareque
375 577 490 641 debere
523 598 594 641 cum
629 576 693 640 alio
727 575 910 659 commod03
948 576 1031 640 sicut
1063 577 1149 640 enim

142 667 248 731 omnis
276 666 468 750 pinguitudo
496 669 601 730 terrae
629 665 669 728 ad
698 685 770 728 eum
799 664 951 747 decurrit,
978 663 1026 729 ita
1049 665 1150 728 etiam

141 777 241 839 aquae
270 755 509 819 incommodum
539 754 579 817 ad
608 774 680 817 eum
709 753 857 818 defluere.
904 753 931 818 si
959 757 1069 818 tamen
1097 755 1151 818 lex

140 845 211 928 agri
234 865 300 908 non
324 844 515 927 inveniatur,
538 845 734 906 vetustatem
755 843 857 906 vicem
881 842 961 926 legis
985 847 1104 907 tenere.

227 933 280 997 92.
311 933 346 996 D.
370 932 424 1016 39,
442 934 471 1015 3,
491 931 520 1008 2,
541 933 575 999 1.
619 930 738 995 Paulus
771 931 853 995 libro
882 931 1151 1015 quadragensimo

139 1042 225 1086 nono
253 1022 293 1084 ad
322 1021 460 1085 edictum
489 1019 540 1104 (P.
560 1016 649 1107 632).
672 1057 714 1066 -
742 1020 836 1103 Apud
864 1018 1047 1084 Labeonem
1075 1042 1152 1103 pro-

140 1111 274 1195 ponitur
300 1110 389 1174 fossa
417 1113 508 1173 vetus
537 1129 607 1172 esse
633 1129 785 1192 agrorum
810 1109 1030 1174 siccandorum
1054 1130 1153 1174 causa

139 1220 198 1264 nec
216 1200 407 1263 memoriam
427 1203 545 1280 extare,
569 1198 695 1282 quando
717 1197 803 1262 facta
822 1202 879 1262 est.
916 1196 999 1262 hanc
1018 1197 1151 1262 inferior

141 1289 264 1352 vicinus
287 1309 353 1352 non
374 1287 550 1370 purgabat3
579 1287 625 1351 sic
650 1287 762 1370 fiebat,
789 1289 826 1350 ut
849 1309 887 1350 ex
910 1287 1152 1370 restagnatione

142 1377 209 1441 eius
238 1398 323 1460 aqua
350 1376 449 1440 fundo
477 1380 591 1440 nostro
618 1383 757 1440 noceret.
808 1374 884 1438 dicit
915 1375 1016 1459 igitur
1044 1373 1153 1439 Labeo

142 1487 244 1549 aquae
271 1464 399 1549 pluviae
429 1463 584 1528 arcendae
612 1486 685 1530 oum
712 1464 863 1528 inferiore
892 1464 947 1549 agi
975 1485 1084 1547 posse,
1116 1469 1154 1527 ut

142 1558 198 1618 aut
237 1554 306 1637 ipse
347 1558 503 1638 purgaret
544 1557 600 1618 aut
638 1556 672 1617 te
707 1557 872 1637 pateretur
908 1551 942 1616 in
979 1553 1152 1636 pristinum

142 1646 264 1707 statum
276 1717 277 1720 Ἴ
289 1664 359 1706 eam
382 1643 536 1726 redigere.

231 1732 281 1797 93.
311 1731 349 1796 D.
364 1731 439 1795 ibid.
454 1733 473 1811 ξ
489 1732 518 1795 2.
538 1765 580 1777 -
598 1730 770 1795 Praeterea
793 1731 822 1795 si
844 1731 878 1793 in
902 1730 1040 1795 confinio
1065 1729 1154 1794 fossa

143 1821 186 1884 sit
213 1841 316 1906 neque
344 1821 476 1904 purgari
504 1820 626 1884 vicinus
654 1819 797 1903 patiatur
825 1840 894 1883 eam
921 1823 1048 1902 partem
1071 1840 1154 1903 quae

142 1909 205 1973 tibi
237 1909 381 1992 accedat,
413 1930 507 1992 posse
538 1915 571 1972 te
598 1909 702 1993 magis
730 1907 785 1990 <in
812 1930 881 1972 rem
909 1928 1003 1992 agere
1033 1907 1154 1992 quam>

144 2019 246 2081 aquae
270 1997 398 2080 pluviae
423 1997 577 2062 arcendae
600 1997 709 2061 Labeo
733 1998 786 2060 ait.

232 2085 284 2149 94.
308 2084 346 2149 D.
365 2085 441 2150 ibid.
460 2088 480 2165 ξ
501 2087 530 2150 6.
549 2085 707 2168 —Apud
731 2085 910 2150 Namusam
933 2086 1072 2150 relatum
1096 2089 1156 2168 est,

144 2173 174 2237 si
201 2195 284 2256 aqua
315 2173 418 2238 fluens
446 2175 507 2237 iter
537 2179 630 2238 suum
660 2180 799 2238 stercore
828 2175 1025 2239 obstruxerit
1055 2178 1087 2238 et
1116 2197 1156 2238 ex

144 2263 386 2346 restagnatione
401 2262 559 2346 superiori
573 2283 652 2346 agro
666 2268 791 2346 noceat,
805 2285 899 2347 posse
915 2285 986 2328 cum
1002 2261 1156 2327 inferiore

145 2350 213 2435 agi,
240 2353 277 2414 ut
305 2352 391 2415 sinat
417 2352 565 2436 purgari3
594 2351 677 2416 hanc
701 2352 787 2415 enim
811 2354 972 2417 actionem
995 2373 1062 2416 non
1084 2355 1156 2416 tan·

145 2447 215 2503 tum
235 2438 273 2503 de
293 2438 444 2524 operibus
464 2462 533 2504 esse
552 2440 665 2504 utilem
685 2463 783 2505 manu
802 2441 906 2518 factis,
925 2463 1035 2505 verum
1056 2441 1157 2504 etiam

145 2528 180 2592 in
205 2529 363 2612 omnibus,
387 2551 469 2613 quae
488 2552 553 2594 non
572 2530 746 2594 secundum
766 2531 967 2595 voluntatem
986 2529 1158 2613 <mutata>

146 2618 219 2682 sint.
261 2617 369 2683 Labeo
393 2623 506 2683 contra
530 2617 708 2684 Namusam
731 2619 862 2702 probat3
886 2619 933 2682 ait
956 2620 1042 2682 enim
1065 2622 1156 2682 natu·

144 2729 214 2770 ram
243 2708 313 2791 agri
339 2708 444 2790 ipsam
469 2731 487 2771 a
512 2730 546 2771 se
570 2709 687 2772 mutari
715 2730 812 2791 posse
835 2711 868 2772 et
891 2708 977 2790 ideo,
1005 2729 1077 2771 cum
1101 2728 1158 2790 per

146 2817 180 2860 se
212 2801 330 2861 natura
362 2797 433 2880 agri
466 2795 562 2860 fuerit
595 2800 732 2878 mutata,
765 2819 866 2881 aequo
903 2797 1011 2860 animo
1044 2817 1157 2860 unum-

146 2905 302 2968 quemque
330 2884 413 2948 ferre
441 2885 570 2967 debere,
598 2886 664 2949 sive
692 2886 805 2950 melior
834 2886 900 2950 sive
925 2885 1063 2949 deterior
1086 2884 1157 2948 eius

146 2973 291 3039 condicio
315 2973 401 3037 facta
425 2973 477 3037 sit.
518 2973 637 3038 idcirco
661 2977 693 3038 et
716 2975 743 3038 si
766 2978 870 3037 terrae
891 2977 983 3038 motu
1002 2977 1058 3037 aut
1076 2976 1157 3036 tem-

145 3062 281 3146 pestatis
309 3061 532 3147 magnitudine
560 3063 621 3127 soli
645 3084 741 3127 causa
764 3067 889 3126 mutata
912 3064 968 3146 sit,
995 3062 1159 3126 neminem

148 3151 221 3234 cogi
245 3173 352 3234 posse,
383 3156 420 3216 ut
444 3150 530 3215 sinat
553 3152 587 3216 in
609 3152 782 3236 pristinum
806 3153 912 3216 locum
936 3152 1158 3218 condicionem

146 3239 259 3324 redigi.

235 3328 287 3393 95.
310 3328 349 3392 D.
368 3328 443 3393 ibid.
464 3329 483 3408 ξ
505 3332 534 3394 7.
557 3367 599 3376 —
623 3330 713 3394 Idem
736 3329 846 3394 Labeo
875 3329 934 3410 ait,
962 3329 990 3392 si
1017 3329 1051 3392 in
1077 3348 1158 3413 agro

147 3418 203 3478 tuo
223 3437 380 3499 aquarum
399 3439 572 3484 concursus
591 3420 697 3484 locum
717 3419 894 3501 excavavit,
914 3440 1015 3502 aquae
1030 3417 1159 3502 pluviae

149 3503 305 3568 arcendae
325 3507 451 3570 actione
470 3509 523 3592 agi
543 3529 608 3572 non
633 3529 728 3591 posse
746 3511 852 3572 tecum
872 3530 892 3571 a
909 3505 1037 3589 vicinis3
1061 3507 1159 3590 plane
