2506 3880
181 173 244 238 108
281 173 302 228 1.
325 169 478 228 iurans
496 169 659 228 nocuum
676 169 723 224 nr
741 144 878 226 rmnan
894 169 991 226 rurus
1009 169 1181 262 consumi

180 336 257 420 quia
287 334 370 400 nihil
401 335 501 400 habet
533 334 606 420 [nec
638 334 790 419 consequi
822 332 953 420 potest}
1007 331 1052 400 et¹
1079 333 1181 400 Labeo

180 427 286 577 putpltd
303 445 375 489 eum
402 425 519 510 teneri,
545 423 622 507 quia
650 446 707 489 suo
731 423 872 508 periculo
887 423 979 496 ¹male
1002 424 1181 509 argentario

181 534 232 578 cre
257 513 263 526 ⁸
286 511 322 578 it.
942 513 945 520 '

268 600 320 667 69.
353 599 392 666 D.
408 600 437 684 5,
451 602 483 683 4,
498 603 527 686 1,
539 602 572 666 4.
616 600 776 685 Ulpianus
803 601 885 666 libro
914 599 1027 685 quinto
1056 599 1097 664 ad
1123 599 1180 665 edi·

181 692 269 755 ctum
284 687 333 777 (P.
343 688 432 775 538).
447 725 489 738 -
565 689 603 774 si,
621 711 693 755 cum
711 710 763 753 me
782 710 821 754 ex
839 692 930 774 parte
948 687 1083 754 dimidia
1098 687 1179 754 here·

181 777 253 843 dem
277 777 429 861 dicerem,
454 779 606 843 trientem
628 778 817 844 hereditatis
840 777 1051 862 possiderem,
1075 776 1180 844 deinde

180 866 343 932 residuum
380 870 557 932 sextantem
589 867 688 932 velim
720 867 884 951 persequi,
917 866 1057 951 qualiter
1092 887 1179 951 agam

182 956 358 1021 videamus.
386 960 418 1020 et
432 955 538 1020 Labeo
557 955 672 1020 scribit
690 955 802 1039 utique
815 961 942 1040 partem
957 955 1120 1020 dimidiam
1134 976 1179 1019 me
1202 981 1204 988 ’

180 1049 290 1128 petere
318 1045 433 1109 debere
462 1067 481 1109 a
510 1044 661 1128 singulis:
689 1045 734 1110 sic
760 1044 832 1108 ficri
854 1048 891 1108 ut
913 1066 933 1109 a
956 1044 1093 1128 singulis
1117 1064 1179 1109 sex·

182 1137 308 1199 tantem
332 1154 522 1219 consequar,
545 1136 577 1197 et
598 1132 725 1199 habebo
749 1133 884 1198 bessem.

522 1308 569 1367 De
590 1309 634 1368 rei
655 1307 854 1367 vindicatione.
880 1383 884 1389 .

271 1417 322 1483 70.
354 1415 393 1484 D.
409 1418 439 1495 6,
455 1419 484 1499 1,
500 1415 549 1483 13.
594 1416 755 1501 Ulpianus
778 1416 861 1481 libro
886 1419 978 1482 sexto
1002 1413 1124 1481 decimo
1146 1414 1179 1480 ad

181 1503 324 1582 edictum
346 1504 398 1590 (P.
410 1505 513 1592 553⁸).
537 1542 578 1554 -
678 1507 712 1569 et
739 1506 767 1570 si
792 1505 931 1571 deterior
953 1526 1005 1569 res
1029 1505 1072 1569 sit
1094 1503 1181 1587 facta,

181 1595 344 1659 rationem
363 1594 457 1659 iudex
475 1595 596 1661 habere
614 1593 755 1659 debebit:
777 1593 862 1679 fingo
881 1593 966 1658 enim
985 1593 1181 1659 debilitatum

181 1680 347 1748 hominem
369 1684 419 1748 rel
443 1683 648 1750 verberatum
671 1683 721 1748 rel
739 1683 943 1749 vulneratum
966 1681 1105 1748 restitui:
1125 1681 1180 1747 uti·

183 1793 244 1857 que
272 1770 356 1837 ratio
384 1795 443 1857 per
465 1772 604 1839 iudicem
626 1772 811 1854 habebitur,
839 1776 961 1856 quanto
985 1770 1124 1836 deterior
1143 1767 1182 1832 sit

181 1860 297 1925 factus.
334 1883 527 1946 quamquam
552 1866 585 1927 et
606 1860 689 1948 legis
709 1861 858 1946 Aquiliae
882 1860 1008 1925 actione
1027 1855 1181 1924 conveniri

182 1971 350 2035 possessor
376 1951 494 2035 possit:
522 1950 606 2015 unde
635 1951 799 2035 quaeritur
826 1972 868 2014 an
894 1970 960 2014 non
988 1948 1069 2012 alias
1096 1946 1181 2011 iudex

126 2045 129 2049 '
183 2038 354 2101 aestimare
382 2037 534 2103 damnum
562 2038 689 2121 debeat,
717 2060 814 2123 quam
842 2038 871 2102 si
898 2037 1082 2103 remittatur
1105 2033 1181 2100 actio

183 2125 264 2208 legis
283 2124 445 2210 Aquiliae.
482 2131 514 2190 et
532 2125 639 2191 Labeo
661 2129 757 2210 putat
777 2148 887 2192 cavere
906 2126 1080 2210 petitorem
1098 2143 1182 2207 opor·

184 2216 252 2277 tere
273 2214 348 2299 lege
371 2214 503 2296 Aquilia
525 2236 591 2280 non
614 2219 770 2280 acturum.

273 2303 324 2367 71.
344 2300 383 2366 D.
393 2303 422 2385 6,
434 2303 462 2385 1,
474 2301 567 2387 15pr.
598 2299 757 2388 Ulpianus
776 2302 852 2368 ibid.
867 2301 916 2390 (P.
927 2300 1030 2388 asab).
1047 2338 1085 2349 —
1157 2297 1182 2362 si

116 2457 120 2466 ,
184 2389 390 2455 verberatum
413 2391 554 2475 tradidit,
577 2389 684 2456 Labeo
708 2391 755 2457 ait
778 2395 876 2456 etiam
897 2391 1087 2457 iniuriarum
1106 2409 1182 2455 com-

183 2482 292 2562 petere
315 2481 473 2545 actionem
491 2481 633 2564 petitori.

273 2569 323 2644 72,
356 2568 396 2634 D.
410 2569 440 2651 6,
456 2569 485 2652 1,
501 2571 551 2636 19.
595 2569 757 2655 Ulpianus
780 2568 864 2634 libro
888 2572 979 2634 sexto
1003 2567 1125 2634 decimo
1148 2562 1182 2629 ad

184 2655 324 2723 edictum
347 2655 395 2745 (P.
410 2657 500 2746 556).
527 2695 565 2706 -
590 2658 657 2745 Ipsi
685 2681 812 2745 quoque
839 2679 894 2722 reo
919 2657 1097 2724 cavendum
1119 2673 1183 2720 esse
1228 2697 1230 2748 l

184 2745 292 2812 Labeo
322 2747 400 2813 dicit
422 2747 485 2813 ‘his
508 2749 604 2813 rebus
626 2754 712 2812 reete
735 2746 915 2832 praestari’,
932 2747 971 2812 'si
993 2745 1078 2812 forte
1100 2739 1184 2809 fundi
1227 2753 1230 2834 i

184 2836 313 2902 nomine
337 2836 447 2900 damni
469 2836 581 2901 infecti
604 2837 700 2900 cavit
1229 2859 1230 2866 ³

506 3006 542 3068 Si
562 3009 686 3068 seviens
707 3009 874 3069 vindicetur.

274 3118 325 3183 73.
358 3115 397 3181 D.
413 3119 445 3204 8,
462 3117 493 3202 5,
506 3119 537 3203 4,
551 3119 581 3183 2.
622 3117 713 3184 Idem
736 3115 928 3206 (Ulpianus)
951 3118 1035 3184 libro
1055 3116 1185 3201 septimo
1229 3179 1230 3190 ¹

185 3207 308 3272 decimo
328 3207 367 3270 ad
386 3208 528 3292 edictum
539 3205 589 3294 (P.
603 3205 709 3288 5941).
725 3245 764 3254 -
838 3211 873 3272 in
890 3207 1049 3291 nepcioria
1066 3206 1185 3277 anone

185 3299 222 3358 ut
242 3293 352 3360 Labeo
376 3295 435 3378 ait,
455 3295 576 3377 sindus
597 3302 822 3380 computentur,
844 3298 954 3379 quanti
975 3297 1098 3362 interest
1112 3289 1185 3376 peti·

185 3385 261 3446 toris
281 3403 345 3446 non
366 3384 413 3447 nti
432 3383 527 3464 fundi
548 3388 600 3449 sni
622 3387 729 3450 itinere
751 3387 973 3450 adunantem.

257 3541 272 3589 1
294 3537 343 3591 Fi.
364 3538 420 3592 sed.
