2512 3888
151 122 218 186 426
259 120 294 176 ΙΙ.
323 120 391 175 ΤΙΒ.
410 118 487 175 unu
512 118 642 174 OLAUD.
660 117 796 174 Nason.
815 117 922 176 TEMP.
941 119 1037 176 IURIS
1062 120 1168 177 CONS.

153 293 233 368 tave,
253 287 384 348 ...filins
400 307 518 365 queque
533 287 586 365 qui
599 307 635 346 ex
648 287 747 364 prima
760 287 927 348 secundave
940 289 1163 366 mancipatione

153 377 386 456 manumittitur,
400 377 472 454 quia
485 376 647 436 revertitur
660 377 692 435 in
705 379 887 478 potestatem
895 378 1034 456 patriam,
1048 380 1165 456 rumpit

150 469 223 528 ante
242 466 356 525 facturn
374 467 601 543 testamentum
619 484 674 525 nec
692 465 823 612 prfodest,
841 465 916 525 siin
934 485 969 526 eo
983 471 1167 527 testamento

152 555 239 614 heres
261 554 418 614 institutus
436 554 486 615 vel
504 554 665 614 exheredat
652 555 755 614 ιιιιιιι
733 554 821 614 uerit.
800 555 986 616 tsimile
978 549 1038 616 rus’
1057 552 1134 616 est
1136 557 1167 616 in

107 692 111 702 ,
153 645 218 704 eius
236 662 364 719 persona
382 643 467 702 cuius
484 643 604 704 nomine
624 663 659 703 ex
674 648 759 704 senat
747 644 917 704 ttuseonsul
904 647 934 704 ιο
950 645 1060 705 erroris
1076 665 1169 706 cauea

152 733 261 810 probat
261 753 311 812 ur,
340 733 411 810 quia
437 733 516 792 forte
544 751 581 791 ex
606 751 698 810 pereg
699 732 765 792 rina
790 733 838 792 vel
862 733 984 810 Latina,
1013 753 1091 810 quae
1114 754 1168 810 per

153 840 284 881 errorem
313 822 398 899 quasi
426 821 500 883 civis
523 821 657 881 Romana
683 840 759 881 uxor
786 821 876 881 ducta
899 827 958 900 ιιι,
985 816 1089 883 natus’
1112 829 1166 884 est.

152 904 329 988 posteriore
366 929 484 988 quoque
521 912 701 970 testamento
738 911 820 987 quod
855 910 921 970 iure
957 912 1072 971 factum
1019 919 1166 990 umest,

151 999 290 1076 superius
309 999 538 1076 rumpitur...
554 999 635 1059 ‚alio
655 1000 879 1102 quoquomodo
898 1001 1109 1060 testamenta
1100 1021 1166 1061 rure

150 1089 233 1148 faeta
200 1088 457 1164 tinfirmantnr,
482 1087 579 1146 veluti
601 1106 669 1146 cum
692 1089 717 1147 is
740 1089 792 1166 qui
814 1089 956 1149 feceritt
908 1091 1167 1166 ttestamentnm,

151 1178 249 1254 eapite
273 1177 445 1236 deminutus
469 1170 529 1236 sit’.
567 1174 629 1237 Gai.
647 1179 875 1252 2,138-145.
917 1170 1030 1254 ‘potest
1049 1183 1085 1238 nt
1101 1180 1165 1238 iure

151 1268 233 1326 faeta
255 1267 437 1325 testamenta
455 1266 605 1325 contraria
622 1266 782 1326 voluntate
801 1266 998 1328 infirmentur.
1041 1271 1168 1344 apparet

150 1358 254 1414 autem
276 1373 336 1414 nen
358 1372 444 1430 posse
467 1372 503 1412 en
527 1373 560 1414 ec
585 1355 647 1414 selo
671 1355 816 1414 infirmari
838 1358 1063 1434 testamentum,
1088 1355 1168 1434 qnod

150 1447 257 1522 postea
274 1445 403 1502 testator
420 1442 453 1502 id
470 1443 601 1503 noluerit
620 1445 729 1523 valere,
752 1463 848 1522 usque
867 1444 951 1522 adeo,
971 1446 1007 1504 ut
1026 1443 1052 1504 si
1070 1445 1166 1504 linum

152 1533 215 1592 eius
234 1531 380 1610 inciderit,
398 1531 492 1592 nihilo
511 1531 610 1591 minus
626 1533 691 1592 inre
706 1533 787 1593 civili
800 1533 909 1594 valeat.
946 1532 1018 1610 quin
1033 1533 1167 1593 etiamsi

150 1621 298 1682 deleverit
312 1640 430 1698 quoque
445 1625 499 1681 aut
515 1622 714 1683 combusserit
727 1622 847 1682 tabulas
865 1622 1049 1697 testamenti,
1068 1623 1164 1683 nihilo

151 1710 248 1770 minua
272 1729 332 1770 non
355 1710 492 1770 desinent
514 1711 614 1770 valere
638 1730 715 1789 quae
738 1712 780 1770 ibi
803 1711 916 1771 fuerint
939 1711 1065 1791 scripta,
1093 1712 1165 1772 licet

151 1818 255 1860 eornm
278 1799 417 1876 probatio
442 1798 573 1859 difficilis
597 1793 657 1859 sit'.
681 1800 789 1877 (ιιι2,
806 1802 877 1862 151.

239 1885 274 1947 In
297 1888 443 1948 librorum
467 1888 505 1946 ad
524 1887 592 1948 Sab.
616 1889 795 1965 scriptorum
814 1891 964 1968 fragment
952 1888 991 1949 tis
1010 1888 1164 1950 disserunt

150 1977 186 2036 de
204 1978 262 2035 hac
279 1997 311 2036 re
326 1976 429 2052 Pomp.
444 1977 629 2055 424-427,
649 1976 734 2036 Paul.
751 1978 969 2039 1626-1630
971 1977 1060 2055 ,1le.
1078 1981 1164 2040 2502

152 2067 351 2141 -2511,ιι
338 2065 421 2124 thie
445 2065 565 2142 quidem
588 2065 685 2125 tribus
707 2066 793 2126 libris
813 2059 994 2149 (IX—XI).'

239 2185 292 2248 24.
315 2183 354 2248 D.
368 2184 421 2261 28,
431 2183 461 2267 3,
474 2183 523 2248 10.
554 2181 645 2248 Idem
664 2181 723 2270 (sc.
738 2183 873 2270 Paulus)
893 2186 977 2250 libro
996 2186 1104 2267 primo
1123 2185 1165 2250 ad

150 2270 321 2336 Vitellium
337 2272 387 2354 (P.
401 2233 514 2358 204'33).
529 2308 571 2318 -
586 2294 701 2338 ..nee
715 2274 801 2338 filius
817 2274 1019 2358 postliminio
1036 2274 1164 2340 rediens

150 2361 273 2446 rumpit
295 2362 397 2444 patris
421 2366 667 2444 testamentum,
691 2366 727 2427 ut
752 2361 891 2428 Sabinus
914 2363 1121 2429 existimavit.

239 2481 277 2542 ef
299 2481 485 2542 Beehmann:
509 2481 561 2543 Ius
584 2482 762 2559 postlrmmn
784 2503 815 2560 p
834 2485 875 2544 37
886 2501 929 2562 eq.

240 2592 305 2658 25?
338 2591 373 2659 (i.
392 2594 427 2676 6,
446 2593 502 2679 29,
521 2595 619 2660 3-
649 2596 805 2660 ..tcerta
807 2616 860 2658 um
888 2597 939 2658 ιιι
967 2593 1051 2676 apud
1079 2597 1165 2659 vete·

147 2703 233 2748 res.
279 2705 383 2748 .eum
412 2685 511 2768 igitur
534 2685 562 2748 is
586 2684 641 2766 qui
664 2684 697 2748 in
723 2688 798 2748 vent
801 2704 834 2746 re
856 2682 1008 2766 portabat
1009 2704 1048 2748 ur
1071 2705 1163 2766 pree

150 2771 228 2836 terit
213 2771 394 2837 fuerans
381 2777 407 2851 ‚
433 2773 497 2855 qui,
522 2773 548 2836 ai
573 2771 614 2836 ad
637 2772 742 2837 lucem
765 2772 881 2836 fuisset
903 2771 1061 2854 redactus,
1085 2794 1163 2838 suus

149 2860 243 2926 heres
275 2861 362 2946 patri
394 2861 559 2943 existeret,
591 2861 619 2924 ιι
650 2881 716 2925 ιιι
749 2861 830 2925 alius
859 2881 932 2924 eum
961 2860 1165 2926 antecederet

151 2953 183 3013 et
202 2949 363 3015 nascendo
382 2951 514 3033 ruptum
533 2950 765 3012 testamentum
782 2949 931 3033 faciebat,
950 2949 978 3013 si
991 2953 1163 3033 postumus

149 3037 183 3101 in
206 3037 291 3103 hune
315 3037 444 3122 quidem
468 3037 578 3102 orbem
603 3035 770 3102 devolutus
791 3041 848 3121 est,
872 3059 949 3103 voce
969 3041 1078 3102 autem
1098 3060 1165 3104 non

151 3126 271 3191 emissa
295 3126 336 3190 ab
360 3125 420 3190 hac
443 3125 513 3190 luce
538 3125 613 3190 subt
599 3129 682 3193 ttrac
684 3148 720 3190 ns
745 3131 808 3210 est,
836 3126 1059 3212 dubitabatur,
1083 3128 1111 3192 si
1135 3128 1165 3192 is

149 3218 320 3298 postumus
344 3216 421 3314 rupt
423 3236 475 3277 um
499 3213 643 3280 faceret
628 3178 862 3281 testamentum
881 3219 998 3299 petest
1036 3219 1165 3282 veteres

150 3303 249 3366 animi
273 3303 393 3365 turbat'
370 3306 395 3365 ιι
414 3305 490 3365 sunt
491 3303 598 3386 ,quid
617 3303 731 3368 det
672 3307 731 3388 pat
732 3326 808 3370 erno
828 3304 985 3405 elogiost
988 3305 1164 3371 atuendum

243 3387 467 3454 ..Sabiniani
501 3390 746 3475 existimabant,
781 3392 809 3456 si
844 3393 936 3457 vivus
971 3396 1069 3458 natus
1104 3398 1165 3478 est,

150 3394 224 3538 cisi
235 3497 347 3541 vocem
371 3498 438 3542 nen
460 3478 581 3562 emisit,
605 3485 736 3564 ruptum
760 3483 1002 3546 testamentum.
