2506 3880
392 135 416 185 7.
439 129 477 187 Μ.
495 127 687 185 ANTISTIUS
700 128 821 185 LABEO
1046 130 1108 195 137

96 293 125 358 si
148 292 222 377 quis
246 291 324 357 lecit
346 293 544 358 voluntarius
568 297 601 357 et
622 293 701 357 item
709 291 725 374 ¹,
744 294 795 358 vel
817 315 875 378 per
896 296 1038 359 aetatem
1056 295 1108 359 vel

97 403 195 467 quam
214 380 314 446 aliam
334 402 462 446 oausam
481 383 601 447 iustam
619 381 652 446 in
672 383 836 465 integrum
850 384 968 447 meruit
981 384 1110 449 restitu-

97 471 231 554 tionem,
246 469 415 534 dicendum
430 471 491 534 erit
505 471 584 536 utile
598 467 812 536 landarum*
825 475 1006 556 competere
1020 472 1110 555 <tam

98 559 136 624 de
160 559 202 623 iis
226 579 308 643 quae
331 559 365 623 in
387 559 532 624 fraudem
554 559 749 624 creditorum
773 559 849 624 fecit
868 561 937 644 ipse
955 583 1053 645 quarn
1071 561 1110 626 de

97 649 138 712 iis
163 669 248 732 quae
270 646 347 712 fecit
369 648 538 732 testator).
578 648 664 712 idem
693 647 782 712 etin
805 669 896 712 servo
919 650 1110 715 necessario.

99 758 176 802 sane
196 757 270 800 oum
288 736 346 800 illa
363 736 568 802 distinctione
586 737 648 803 hoo
667 736 902 801 admittendum
918 758 986 802 esse
1001 739 1110 805 Labeo

99 824 222 908 scribit,
245 828 283 889 ut
306 825 333 889 si
356 825 485 910 quidem
506 825 655 910 protinus
676 826 762 890 bona
781 825 993 892 vendiderunt
1011 828 1110 892 credi·

98 917 187 978 tores
210 914 262 978 vel
287 914 475 979 absentibus
497 912 567 980 nco3
589 915 827 998 paciscentibus
846 914 1058 981 creditoribus
1078 938 1112 981 se

99 1002 299 1068 necessarius
326 1003 468 1084 miscuit,
494 1004 659 1088 utriusque
685 1003 773 1068 frans
798 1008 978 1088 revocetur,
1004 1004 1112 1070 idest

98 1090 269 1156 testatoris
303 1093 335 1154 et
366 1091 480 1177 ipsius:
514 1091 542 1157 si
571 1113 646 1157 varo
675 1091 765 1177 passi
793 1096 869 1158 sunt
895 1093 1112 1158 necessarium

99 1180 274 1246 creditores
299 1183 332 1244 et
355 1181 447 1264 quasi
471 1181 505 1245 in
528 1181 888 1246 creditumhabuerunt
905 1202 1024 1246 nomen
1043 1182 1111 1247 eius

99 1269 151 1333 vel
174 1266 372 1334 dulcitudine
395 1291 566 1334 usurarum
592 1271 644 1335 vol
673 1292 736 1354 qua
764 1271 830 1334 alia
856 1270 982 1336 ratione
1011 1270 1114 1335 secuti

99 1361 189 1440 sunt,
217 1355 386 1422 dicendum
414 1361 476 1443 est,
503 1357 585 1423 nihil
607 1358 750 1424 revocari
775 1379 814 1424 ex
836 1359 888 1423 his
912 1380 993 1444 quae
1016 1363 1113 1424 testa·

99 1450 154 1511 tor
178 1445 341 1510 alienavit.
1138 1465 1140 1470 ·

191 1565 274 1636 Quae
297 1565 431 1626 Labeoni
457 1565 676 1640 attribuuntur,
706 1587 846 1646 magnam
868 1570 985 1644 partem
1008 1568 1112 1628 Tribo-
1143 1563 1148 1596 ³

98 1656 226 1716 nianum
250 1673 354 1730 sapere
376 1655 499 1714 Pernioa
522 1657 630 1716 marito
654 1659 751 1732 putat.

190 1766 266 1832 231.
285 1764 324 1829 D.
338 1766 392 1848 42,
406 1766 435 1849 8,
449 1765 501 1850 25,
519 1767 546 1831 1.
591 1765 769 1832 Venuleius
793 1766 876 1832 libro
900 1770 991 1831 sexto
1015 1766 1113 1832 inter·

100 1856 263 1922 dictorum
279 1851 327 1942 (P
342 1850 411 1941 26).
428 1889 466 1900 -
484 1852 518 1919 Si
537 1877 557 1920 a
570 1877 680 1920 socero
695 1855 881 1921 fraudatore
896 1857 1001 1921 sciens
1016 1875 1115 1941 gener
1208 1869 1211 1875 '

101 1943 230 2029 accepit
248 1942 365 2027 dotem,
382 1943 546 2009 tenebitur
562 1943 617 2010 too
633 1941 810 2010 interdicto⁴
828 1947 871 2024 et,
890 1946 918 2009 si
935 1946 1115 2010 restituerit

102 2055 186 2111 eam,
206 2031 325 2097 desinit
343 2031 452 2096 dotem
470 2032 602 2098 habere:
622 2055 681 2097 nec
700 2033 873 2119 quicquam
892 2034 1114 2119 emancipatae

100 2121 245 2187 divortio
267 2120 356 2187 iacto
379 2121 603 2186 restituturum
627 2122 736 2187 Labeo
760 2124 819 2208 ait,
847 2123 922 2208 quia
944 2123 998 2190 hoc
1020 2125 1114 2190 taur-

100 2206 238 2276 diotam⁵
265 2213 313 2274 rei
343 2210 560 2275 restituendae
590 2212 710 2295 gratia,
741 2233 807 2276 non
833 2234 956 2296 poenae
983 2213 1114 2279 nomine

100 2299 235 2364 daretur
258 2296 393 2383 ideoque
416 2299 542 2363 absolvi
565 2300 647 2364 solet
669 2321 752 2381 reus,
776 2302 803 2368 si
826 2301 1014 2367 restituerit.
1059 2302 1114 2367 sed

101 2390 130 2454 si
159 2387 348 2473 priusquam
376 2387 551 2452 creditores
579 2411 651 2454 cum
681 2411 717 2454 eo
746 2391 980 2474 experirentur,
1010 2390 1114 2455 reddi-

7 2513 8 2540 ÷
100 2475 189 2542 derit
219 2476 306 2540 filiae
340 2475 449 2540 dotem
485 2476 603 2542 iudicio
640 2478 724 2541 dotis
761 2478 891 2541 nomine
928 2481 1114 2558 conventus,

103 2565 208 2631 nihilo
232 2565 339 2630 minus
364 2586 436 2629 eum
459 2565 514 2631 boc
532 2563 709 2630 interdicto⁴
727 2566 829 2629 teneri
849 2563 956 2630 Labeo
976 2567 1023 2630 ait
1043 2569 1115 2646 [nec
1171 2629 1172 2632 ,

7 2667 8 2690 ³
100 2655 206 2720 ullum
228 2673 412 2738 regressum
435 2654 622 2719 habiturum
646 2654 685 2718 ad
710 2651 902 2733 mulierem}

193 2743 268 2808 232.
300 2741 338 2806 D.
356 2741 433 2807 ibid.
451 2743 506 2823 §6
538 2741 586 2826 (P.
600 2741 679 2827 270).
711 2777 749 2788 -
779 2739 916 2806 Fructus
940 2739 1114 2807 fundo

7 2819 9 2872 ss
100 2832 287 2899 cohaesisse
314 2852 379 2896 non
408 2833 489 2896 satis
515 2831 702 2914 intellegere
726 2852 760 2896 se
782 2829 892 2897 Labeo
916 2831 976 2916 ait,
1006 2833 1116 2894 utrum

99 2922 275 2986 dumtaxat
303 2919 359 3004 qui
386 2919 505 2984 maturi
532 2943 574 2984 an
602 2921 700 2986 etiam
730 2921 786 3005 qui
808 2919 963 2984 inmaturi
986 2919 1116 3001 fuerint,

7 3043 9 3072 ,ι
97 3012 235 3096 praetor
259 3007 432 3093 significet:
456 3011 595 3073 ceterum
615 3009 743 3074 etiamsi
762 3009 800 3073 de
818 3009 870 3074 his
890 3009 1036 3091 senserit,
1059 3009 1115 3092 qui

7 3135 9 3158 r
98 3098 225 3164 maturi
243 3097 373 3179 fuerint,
390 3097 493 3162 nihilo
508 3098 612 3182 magis
626 3099 865 3183 possessionem
880 3097 1009 3162 restitui
1023 3117 1117 3180 opor-

7 3195 8 3246 }
98 3192 183 3253 tere.
219 3208 297 3251 nam
321 3207 393 3250 cum
415 3185 533 3252 fundus
558 3187 762 3269 alienaretur,
786 3187 870 3269 quod
895 3185 935 3250 ad
959 3206 1033 3249 eum
1050 3183 1116 3249 fru-

7 3305 9 3360 3
98 3280 241 3359 ctusquo
264 3274 332 3340 eius
356 3275 525 3359 attineret,
552 3295 648 3339 unam
673 3275 833 3358 quandam
857 3295 924 3338 rem
948 3273 1061 3358 fuisse,
1084 3275 1117 3339 id

7 3483 9 3504 ι

7 3511 9 3554 l

7 3645 9 3714 l

7 3719 9 3750 l

171 3427 194 3485 ‘1
219 3431 265 3488 Fr.
288 3430 383 3486 etiam.
460 3431 579 3486 arrio.
603 3429 702 3485 utilem
727 3430 873 3485 actionem.
953 3430 1040 3487 3L⁷t
1063 3431 1117 3485 vel.

98 3511 119 3560 4
141 3502 219 3558 Tra.
237 3501 290 3557 hac
309 3501 427 3558 actione.
501 3509 516 3557 5
539 3503 614 3557 Trib.
633 3501 702 3557 haec
720 3501 801 3556 actio.
