2512 3888
151 160 216 225 398
258 160 292 217 ΙΙ.
319 159 387 214 ΤΙΒ.
409 158 485 214 GAII
508 158 639 216 CLAUD.
658 157 794 216 NERON.
815 159 922 215 ΤΕΜΡ.
941 159 1038 216 IURIS
1063 160 1164 219 CONS.

240 327 324 398 Quod
355 327 503 404 Ulpianus
540 329 584 388 ita
618 321 651 386 in
679 328 757 388 libro
790 327 829 388 ad
861 327 1006 387 Sabinum
1037 330 1093 407 ait,
1130 331 1161 391 in

151 418 281 477 seounda
309 417 427 476 demum
455 417 584 477 editione
612 417 734 478 videtur
759 416 917 477 addidisse.
965 418 1003 476 ad
1031 419 1161 480 edietum

149 523 221 566 vero
247 505 339 565 libros
362 509 431 582 post
453 505 624 566 caracallae
649 506 893 567 constitutionem
916 506 1012 585 illam,
1042 527 1079 567 ax
1101 528 1161 586 qua

152 588 195 653 ‘in
227 595 298 655 orbe
325 595 459 654 Romano
489 595 541 672 qui
568 599 651 672 sunt,
684 594 764 656 cives
792 595 919 656 Romani
947 595 1044 656 effecti
1070 593 1162 674 sunt',

151 682 247 743 editos
280 701 345 743 esse
377 684 446 743 inde
477 683 621 754 afficitur,
653 686 733 761 qnod
763 703 828 743 eam
855 683 931 743 libro
959 684 1047 744 XXII
1074 687 1162 747 affert

150 764 198 854 (P.
219 763 306 854 657).
351 772 454 851 itaque
483 773 712 834 commentarios
739 790 811 832 suos
835 773 920 833 novis
946 792 1065 851 quoque
1089 776 1161 838 eivi-

148 861 205 920 bus
238 861 310 922 usui
342 879 406 922 esse
437 861 548 939 voluit3
577 862 656 920 idem
683 879 751 922 sum
778 862 809 921 in
836 861 921 921 libris
950 863 988 921 ad
1016 863 1160 924 Sabinum

148 949 337 1010 conficiendis
369 953 519 1028 spectasse
550 950 718 1026 putandum
741 955 795 1010 est.
832 953 966 1011 setarum
992 971 1052 1012 non
1070 955 1159 1014 modo

147 1039 305 1115 Pomponii
334 1040 419 1099 libris
446 1040 483 1098 ad
508 1037 666 1118 Sabinum,
693 1040 745 1099 sed
769 1039 859 1100 etism
881 1039 1040 1116 Papiniani
1063 1040 1159 1112 Quae·

148 1128 278 1188 stionnm
312 1130 342 1187 et
368 1128 591 1204 Responsorum
620 1127 705 1188 libris
732 1145 806 1188 usus
834 1131 887 1188 est.
938 1128 1043 1188 laudat
1070 1131 1159 1190 Pom-

148 1216 232 1292 ponii
254 1217 347 1276 libros
365 1217 443 1279 libro
461 1215 549 1275 XVII
569 1209 614 1295 (P.
634 1219 718 1279 2581
744 1210 938 1294 ‘Pomponius
957 1218 1034 1299 libro
1054 1219 1159 1294 quinto

147 1306 186 1365 ad
224 1304 368 1365 Sabinum
405 1299 548 1384 scribit'),
586 1306 642 1364 XX
674 1301 720 1385 (P.
750 1307 834 1367 2606
863 1304 926 1381 §5
965 1301 1159 1384 ‘Pomponius

145 1389 222 1454 libro
247 1395 352 1472 quinto
377 1412 413 1454 ex
436 1393 546 1454 Sabino
569 1387 769 1477 distinguit'),
796 1395 895 1454 XXIV
919 1388 967 1475 (P.
987 1398 1071 1456 2661
1097 1394 1117 1472 ξ
1138 1400 1158 1458 8

147 1475 341 1559 ‘Pomponius
369 1483 446 1543 libro
474 1487 557 1543 sexto
586 1503 622 1542 ex
646 1483 755 1544 Sabino
779 1528 787 1544 .
807 1531 813 1544 .
834 1530 840 1543 .
863 1476 1015 1566 trsotat’),
1043 1485 1159 1546 XXVII

146 1565 193 1651 (P.
215 1574 300 1632 2699
325 1569 344 1648 ξ
365 1576 382 1632 7
408 1567 600 1647 ‘Pomponius
627 1572 705 1632 libro
734 1575 839 1634 oetavo
868 1592 903 1632 ex
927 1571 1037 1634 Sabino
1063 1574 1160 1651 serip-

147 1653 222 1742 sit'),
245 1660 376 1721 XXVIII
396 1655 442 1732 (P.
462 1653 564 1721 27081’
583 1655 776 1738 ‘Pomponius
798 1662 876 1722 libro
894 1679 971 1722 nono
991 1681 1027 1722 ex
1046 1662 1158 1724 Sabino

146 1743 289 1831 scribit),
317 1750 416 1810 XXIX
443 1743 489 1832 (P.
514 1752 600 1810 2734
624 1748 644 1827 Q
666 1754 683 1812 6
712 1744 907 1827 ‘Pomponius
934 1769 1052 1827 quoquo
1079 1751 1158 1814 libro

145 1837 259 1898 deoimo
283 1839 321 1898 ad
344 1839 489 1899 Sabinum
511 1833 639 1915 probat'.
684 1839 717 1899 P.
738 1841 822 1900 2735
843 1834 928 1898 ‘dioit
950 1840 1046 1917 igitur
1068 1840 1157 1902 Pom-

144 1927 251 2002 ponius
270 1927 347 1987 libro
366 1928 493 2003 septimo
513 1947 548 1986 ex
568 1919 715 2008 Sabino'),
733 1928 860 1988 XXXVI
874 1927 920 2004 (P.
936 1921 1038 1989 2803b
1057 1923 1157 1990 ‘Pom-

143 2015 339 2092 poniuslibro
351 2017 580 2094 quintodecimo
595 2035 631 2076 ex
641 2010 772 2078 Sabino'.
799 2017 831 2076 P.
846 2009 948 2077 282912
962 2011 1157 2095 ‘Pomponius

143 2103 221 2163 libro
241 2104 457 2163 sextodecimo
477 2124 513 2164 ex
531 2103 641 2165 Sabino
661 2097 815 2186 scripsit')‚
838 2105 981 2165 XXXVII
999 2098 1047 2187 (P.
1067 2109 1156 2168 2837

145 2185 337 2268 ‘Pomponius
360 2192 437 2252 libro
461 2196 544 2252 sexto
567 2192 681 2253 decimo
705 2195 744 2252 ad
763 2193 907 2254 Sabinum
927 2189 1082 2276 sonipsit'),
1101 2196 1157 2256 XL

143 2276 192 2362 (P.
208 2281 292 2340 2858
307 2278 327 2356 §
342 2282 360 2339 2
382 2275 429 2340 ‘ox
447 2281 525 2341 libro
545 2286 650 2344 octavo
664 2281 820 2359 Pomponii
833 2285 870 2342 ad
885 2277 1067 2364 Sabinum),
1085 2285 1157 2344 XLI

144 2365 192 2449 (P.
208 2370 308 2429 2875ο
332 2363 374 2429 ‘et
391 2371 435 2429 aIt
448 2368 628 2448 Pomponius
647 2371 724 2431 libro
742 2391 820 2432 nono
840 2371 953 2433 dooimo
972 2392 1008 2433 ex
1021 2367 1156 2434 Sabino'.

144 2457 176 2517 P.
188 2459 273 2519 2887
289 2451 482 2536 ‘Pomponius
496 2460 573 2522 libro
588 2480 666 2521 nono
681 2461 794 2520 decimo
809 2460 847 2520 ad
857 2460 1000 2521 Sabinum
1009 2453 1156 2543 probat')‚

143 2547 240 2606 XLIV
251 2541 297 2630 (P.
308 2541 410 2609 2913b
425 2543 618 2627 ‘Pomponius
631 2550 709 2611 libro
724 2550 863 2611 vicesimo
878 2550 1006 2610 sooundo
1020 2551 1058 2611 ad
1068 2549 1155 2610 Sabi·

141 2652 214 2696 num
232 2640 313 2697 reeta
331 2629 470 2720 soribit'),
492 2639 650 2716 Papiniani
665 2638 881 2709 Quaestionum
895 2637 986 2700 libros
1001 2639 1078 2700 libro
1093 2639 1155 2700 XII

142 2723 189 2803 (P.
204 2729 289 2788 2514
304 2725 324 2803 §
340 2731 358 2788 7
375 2722 566 2803 ‘Papinianus
580 2729 658 2788 libro
673 2737 757 2788 sexto
772 2727 885 2788 deoimo
902 2721 1155 2811 Quaestionum),

140 2815 196 2874 XV
219 2812 266 2889 (P.
287 2818 371 2876 2532
392 2811 586 2891 ‘Papinianus
608 2815 685 2876 libro
706 2817 916 2877 nonodecimo
936 2815 1156 2887 Quaestionum

141 2897 204 2964 ait'.
226 2905 258 2964 P.
275 2906 359 2965 2535
380 2900 573 2980 ‘Papinianus
591 2906 682 2980 putat
698 2904 774 2964 libro
794 2898 1043 2988 Quaestionum'),
1061 2905 1155 2966 XVII

142 2985 189 3074 (P.
210 2994 293 3052 2551
321 2987 514 3069 ‘Papinianus
542 2993 619 3052 libro
648 2993 774 3069 septimo
800 2994 914 3054 deoImo
938 2992 1157 3064 Quaestionum

142 3076 267 3141 soribit'.
301 3080 333 3140 P.
353 3082 454 3142 25621
473 3076 665 3156 ‘Papinianus
683 3100 802 3160 quoque
820 3082 897 3144 libro
911 3082 999 3143 XVII
1013 3083 1156 3153 Quaesti-

141 3164 251 3228 onum'.
278 3169 309 3228 P.
327 3161 430 3230 257512
448 3163 491 3228 ‘et
505 3169 686 3246 Pomponius
700 3170 777 3232 libro
797 3172 900 3250 quinto
920 3175 950 3231 et
966 3172 1155 3250 Papinianus

140 3257 217 3316 libro
236 3277 313 3317 nono
333 3257 445 3318 deoimo
464 3256 680 3328 Quaestionum
698 3253 824 3337 probat'.
856 3261 890 3320 P.
910 3263 995 3321 2576
1016 3256 1154 3337 ‘Papisi-

141 3363 216 3404 anus
239 3346 388 3405 consentit
409 3345 486 3405 libro
510 3347 751 3409 octavodecimo
775 3343 1025 3430 Quaestionum’),
1049 3349 1155 3409 XXIV

140 3424 186 3510 (P.
207 3435 291 3492 2673
311 3431 369 3509 §9
399 3427 592 3509 ‘Papinianus
626 3455 744 3514 quoque
775 3436 852 3498 libro
880 3438 1006 3514 septimo
1034 3439 1155 3500 decimo

141 3517 353 3587 Quaestionum
377 3515 516 3604 scribit'),
538 3524 635 3584 XXIX
659 3522 704 3602 (P.
728 3517 828 3586 273312
852 3522 1045 3603 ‘Papinianus
1068 3526 1154 3588 libro
