2512 3888
391 187 416 236 2.
442 179 623 237 MASURIUS
643 181 797 238 SABINUS
1034 183 1101 249 3Θῖ

88 347 140 426 rit,
158 365 197 406 an
215 349 361 408 alterutro
381 347 540 409 decedente
559 349 627 410 ilico
647 349 830 419 substitutus
849 351 881 410 in
899 351 963 411 eius
981 354 1100 429 partem

88 437 238 516 succedat,
256 436 372 513 placuit
390 437 499 498 Sabino
519 437 765 498 substitutionem
781 441 853 500 tunc
867 439 965 500 locum
979 442 1099 522 habere,

88 545 158 585 cum
184 528 312 602 uterque
334 526 563 587 decesserit...
582 545 645 586 nos
673 526 832 587 eiusdem
856 527 980 588 Sabini
1002 531 1097 592 veri-

87 633 182 675 orem
207 616 426 675 sententiam
448 617 699 676 existimantes
789 611 955 676 censemus'
978 622 1009 678 et
1027 641 1055 697 q.
1074 639 1097 680 s.

174 703 278 764 Nihilo
301 706 399 764 minus
422 703 526 764 Sebini
548 705 716 765 sententiae
734 705 766 762 in
784 704 946 766 Iustiniani
963 707 1098 786 Digestis

86 793 150 852 fere
168 811 316 870 nusquam
343 793 484 854 videntur
505 793 632 854 inveniri
650 794 794 872 integrae.
831 797 933 854 tamen
955 797 1008 871 qui
1029 799 1096 856 uni-

85 881 167 941 versi
180 882 279 958 operis
296 881 427 943 indolem
441 882 611 943 accuratius
630 883 784 958 explorare
803 883 892 962 volet,
907 883 935 942 ei
954 885 991 944 ad
1009 885 1096 944 Pom·

85 969 178 1048 ponii,
196 969 292 1046 Pauli,
310 971 434 1049 Ulpiani
450 973 619 1050 fragmenta
644 973 843 1032 accedendum
862 963 967 1050 estin
989 973 1097 1050 quibus

86 1059 234 1134 genuinae
258 1059 361 1120 Sabini
388 1062 553 1120 sententiae
575 1081 635 1121 non
658 1061 755 1120 solum
778 1061 908 1139 illorum,
930 1062 982 1122 sed
1006 1062 1097 1124 etiam

86 1147 259 1208 Triboniani
288 1149 386 1208 verbis
415 1151 540 1210 obrutae
563 1156 654 1227 atque
677 1150 896 1210 contaminatae
920 1155 998 1211 sunt.

175 1236 278 1297 Sabini
304 1237 398 1297 libros
429 1237 503 1298 iuris
535 1238 631 1299 civilis
662 1239 708 1297 lH
739 1239 771 1297 in
798 1239 900 1298 schola
933 1238 1097 1314 Sabiniano.

83 1344 138 1400 pro
153 1325 306 1386 doctrinae
319 1327 512 1386 fundamento
526 1327 619 1387 fuisse
633 1330 685 1387 tuo
700 1327 765 1387 iure
785 1327 922 1388 conicias.
958 1328 1068 1406 magist
1086 1329 1094 1342 ⁰

85 1413 251 1473 doctrinam
279 1413 399 1474 Cassius
423 1415 576 1492 Longinus
604 1417 733 1493 plenius,
761 1420 797 1475 ut
819 1417 947 1490 videtur,
971 1419 1032 1478 suis
1056 1417 1094 1477 de

83 1502 150 1561 iure
178 1503 259 1563 civili
281 1503 366 1563 libris
392 1505 549 1564 exsecutus
577 1509 631 1565 est.
676 1505 728 1580 qui
755 1504 827 1564 libri
853 1505 912 1580 ipsi
935 1525 1053 1582 quoque
1076 1526 1095 1566 a

84 1589 166 1650 Titio
184 1589 325 1651 Aristone
345 1593 425 1652 notis
445 1592 597 1668 explanati
614 1596 645 1652 et
664 1611 682 1652 a
702 1592 854 1668 Iauoleno,
877 1593 987 1654 Iuliani
1009 1614 1094 1670 prae·

83 1681 216 1756 captore,
245 1681 377 1756 excerpti
399 1686 476 1741 sunt.

172 1767 246 1828 Post
278 1767 413 1829 Cassium
444 1769 615 1848 Longinum
649 1787 736 1830 nemo
769 1769 911 1848 amplius,
947 1776 1093 1848 quantum

84 1856 203 1937 scimus,
229 1857 303 1918 iuris
331 1859 428 1918 civilis
450 1858 543 1918 libros
567 1858 674 1919 edidit:
697 1859 758 1918 iam
780 1859 933 1919 honorarii
954 1860 1027 1921 iuris
1050 1862 1093 1921 in·

82 1946 188 2022 primis
215 1965 233 2006 a
256 1947 377 2016 Plautio
406 1948 529 2008 tractati
556 1951 587 2008 at
612 1947 758 2008 Hadriani
789 1946 875 2008 iussu
902 1948 940 2009 ab
972 1949 1092 2010 Iuliano

83 2035 240 2112 compositi
266 2037 446 2112 praecipuus
473 2040 539 2097 erat
566 2055 649 2100 usus.
671 2107 673 2110 ¹
694 2037 797 2114 itaque
827 2036 932 2098 Celsus
958 2038 1037 2098 filius
1061 2042 1093 2099 et

81 2122 218 2184 Iulianus
233 2127 285 2203 qui
298 2131 366 2201 poet
380 2125 509 2187 edictum
524 2127 567 2186 ita
580 2126 778 2188 constitutum
790 2126 984 2204 Digestorum
998 2128 1091 2188 libros

84 2213 277 2290 scripserunt,
301 2214 333 2273 in
355 2215 402 2276 his
425 2215 473 2276 ius
497 2216 584 2277 civile
607 2219 638 2276 et
659 2216 706 2276 ius
729 2216 923 2276 honorarium
944 2217 989 2276 ita
1011 2235 1090 2277 com·

82 2306 255 2380 posuerunt,
274 2307 310 2363 ut
326 2304 397 2364 huic
414 2305 591 2380 primarium
606 2306 704 2366 locum
718 2305 895 2384 tribuerent,
912 2306 988 2365 illud
1003 2307 1090 2383 qnasi

82 2392 322 2466 supplementum
345 2392 504 2454 adicerent.

172 2480 285 2540 Eodem
315 2481 377 2542 fere
408 2485 555 2558 tempore,
586 2500 644 2559 quo
674 2480 780 2541 Celsus
812 2486 844 2542 et
869 2482 1004 2542 Iulianus
1033 2484 1089 2544 hos

80 2567 174 2629 libros
194 2569 359 2646 ediderunt,
374 2570 502 2630 Sextus
522 2569 753 2646 Pomponius,
772 2569 951 2628 Sabinianus
970 2571 1089 2631 scholae

81 2658 194 2735 cultor,
222 2677 309 2736 quem
337 2659 428 2719 etiam
456 2658 494 2718 ad
522 2658 555 2728 Q.
578 2658 712 2716 Mucium
739 2657 832 2718 libros
858 2657 984 2715 XXXIX
1011 2677 1088 2718 com-

79 2747 216 2822 posuisse
243 2747 373 2808 vidimus
400 2740 453 2829 (cf.
471 2748 486 2807 I
504 2767 532 2823 p.
552 2738 624 2828 59),
654 2746 804 2806 anteced
828 2745 971 2805 Sabinum
994 2746 1088 2806 libros

80 2836 200 2911 scripsit
222 2835 333 2895 XXXV
355 2837 405 2897 rel
427 2836 566 2914 XXXVI,
595 2837 631 2896 de
656 2854 784 2914 quornm
806 2834 985 2913 fragmentis
1009 2835 1090 2911 apud

79 2925 283 2985 Iustinianum
305 2927 431 2986 servatis
451 2943 540 3001 supra
557 2945 585 3001 p.
606 2926 670 2986 384
688 2924 757 2984 dixi.
797 2925 829 2983 in
847 2925 893 2983 his
911 2924 1088 3002 fragmentis

79 3031 176 3089 neque
209 3014 312 3074 Sabini
338 3015 411 3074 iuris
440 3015 536 3074 civilis
563 3014 710 3074 librorum
740 3033 869 3092 usquam
900 3013 1011 3072 mentio
1043 3012 1088 3088 fit,

79 3120 177 3178 neque
200 3102 327 3163 Sabinus
350 3106 414 3180 ipse
438 3123 527 3180 saepe
549 3103 700 3177 laudatur,
729 3103 781 3163 sed
803 3103 850 3163 hie
872 3105 992 3161 tantum
1014 3101 1088 3161 locis

79 3191 113 3253 P.
144 3193 207 3252 416
245 3187 392 3273 (Cassius
427 3191 630 3271 ignorantiam
666 3191 769 3251 Sabini
805 3192 849 3250 ita
884 3191 1085 3266 accipiendam

79 3279 265 3340 existimasse
291 3276 418 3360 refert').
464 3283 528 3340 423
552 3271 707 3362 (Sabinus
735 3298 852 3356 quoque
874 3282 905 3338 et
930 3271 1086 3362 Cassius').

78 3370 144 3428 448
165 3362 318 3450 (Sabinus
338 3371 458 3446 quidem
476 3374 506 3430 et
525 3367 644 3429 Cassius
664 3414 724 3446 ...‚
746 3369 892 3428 Proculus
911 3373 942 3427 et
959 3361 1086 3449 Nerva')

79 3449 160 3516 52112
193 3449 347 3538 (Sabinus
378 3450 560 3537 Proculus').
615 3458 678 3518 548
711 3451 865 3538 (Sabinus
896 3449 1085 3540 respondit').

80 3547 143 3606 555
160 3540 328 3624 (Sabinum
342 3548 528 3625 respondisse
541 3546 681 3607 Minicius
693 3537 820 3628 refert').
850 3547 912 3607 633
930 3540 1084 3628 (Sabinus

819 3645 873 3700 2d⁸
