2506 3880
342 192 368 248 t.
391 187 428 242 M.
444 186 638 242 ANTISTIUS
656 187 775 242 LABEO
799 179 800 182 ¹
1000 188 1064 254 195

55 352 97 416 vis
114 349 331 434 quadruaiote
349 349 428 414 dotis
443 350 583 434 suissed,
601 355 702 415 tamea
720 352 946 434 quinquaqinta
963 353 1066 418 debere

54 439 185 522 Alfenus
215 439 319 504 Varus
350 435 492 504 aarum
521 440 710 522 respondisse
742 441 859 526 scribit,
891 441 966 524 quta
990 463 1065 524 pre·

49 530 150 612 positu
173 548 299 592 samma
321 527 546 610 quinquaqinta
569 529 687 594 edwio
709 529 757 593 sit.

139 617 195 680 67.
218 615 299 705 Ibid.
352 617 378 679 1.
398 617 539 681 -Item
561 619 597 701 ei,
620 639 698 700 quae
720 619 818 682 dotem
841 619 960 684 uellam
978 620 1066 686 babe-

54 706 112 791 bat,
141 707 195 770 vir
222 706 267 770 sto
295 706 321 770 le
361 709 446 770 uerat
468 705 597 788 ‘quauta
618 707 754 789 perarma
780 708 859 771 dotis
881 708 1015 774 uomtue'
1038 716 1067 775 et

52 797 181 878 reliqua,
209 793 275 876 ‘pro
298 815 335 858 ea
352 795 576 876 quinquaqinta
594 795 677 860 bores
695 793 787 860 dato'.
823 796 922 860 deberi
939 799 968 862 ei
985 799 1065 882 tera

53 890 113 950 tem
145 883 262 966 Ofilius
289 882 466 968 Cascellius,
497 885 569 948 item
600 890 628 948 et
655 884 756 949 Seruii
787 886 943 950 auditores
972 893 1065 952 rettu-

53 973 169 1050 erana
192 973 325 1054 periodo
350 971 521 1037 babendum
548 993 610 1038 esse
631 993 668 1038 ae
690 974 719 1038 st
740 993 844 1038 sevus
866 973 964 1039 alicui
985 996 1064 1040 mor·

53 1068 121 1128 ares
144 1066 206 1126 aut
222 1081 282 1142 pro
305 1081 338 1125 eo
361 1066 479 1125 eentum
503 1062 602 1144 leuata
624 1066 726 1127 essem.

137 1151 193 1216 68.
212 1149 252 1214 D.
267 1149 318 1233 32,
334 1149 384 1232 29,
398 1151 427 1214 2.
460 1149 569 1215 Labeo
588 1150 671 1214 libro
692 1151 832 1215 secundo
848 1153 1064 1234 poste-riorum

52 1238 535 1322 elavolenoepitomatorum.
559 1273 601 1284 —-
624 1237 706 1304 Cum
734 1240 782 1304 ita
809 1239 952 1326 legatum
976 1246 1064 1306 esset

53 1329 185 1414 ‘quanta
219 1327 355 1412 pecunia
383 1349 422 1392 ex
449 1327 625 1393 hereditate
652 1327 732 1392 Titii
760 1329 800 1393 ad
828 1351 880 1393 me
908 1331 1064 1414 pervenit,

52 1421 177 1482 tantam
202 1417 372 1500 pecuniam
395 1403 490 1481 heres
514 1438 603 1482 meus
627 1414 719 1481 Seiae
742 1416 840 1501 dato',
865 1418 897 1482 id
921 1419 1062 1504 legatum

50 1510 142 1590 putat
170 1505 296 1590 Labeo,
328 1504 413 1588 quod
446 1509 610 1588 acceptum
643 1506 677 1569 in
710 1505 831 1570 tabulis
864 1506 929 1572 suis
958 1529 997 1572 ex
1025 1530 1063 1572 ea

51 1594 231 1659 hereditate
249 1596 386 1658 testator
400 1594 589 1659 rettulisset.
617 1601 756 1659 aeterum
773 1599 872 1680 negat
886 1596 1062 1661 cavendum

50 1683 160 1748 heredi
189 1706 209 1747 a
235 1682 407 1767 legatario,
436 1684 462 1748 si
493 1682 569 1768 quid
596 1682 680 1748 forte
707 1686 821 1766 postea
849 1684 917 1748 eius
941 1683 1063 1750 heredi·

50 1774 124 1838 tatis
149 1771 282 1836 nomine
305 1770 398 1834 heres
422 1771 592 1836 damnatus
617 1775 710 1836 esset.

135 1860 189 1926 69.
210 1857 249 1924 D.
264 1859 456 1946 35‚1,40,2.
493 1860 582 1926 Idem
597 1857 800 1947 (Iavolenus)
819 1861 903 1925 libro
924 1861 1062 1927 seeundo

50 1971 84 2014 ex
113 1949 352 2034 posterioribus
381 1948 550 2014 Labeonis.
579 1977 621 1995 —
650 1948 786 2026 Quidam
815 1947 901 2016 Titio
932 1955 1061 2016 eentum

48 2040 223 2122 legaverat,
247 2038 359 2102 deinde
383 2037 467 2102 infre
489 2037 535 2102 ita
552 2039 692 2103 iusserat
713 2038 804 2123 ‘quas
823 2041 976 2125 pecunias
996 2041 1061 2106 oui-

49 2149 107 2212 que
135 2128 258 2212 legavi,
293 2149 347 2191 eas
374 2127 467 2191 heres
497 2149 600 2209 meua,
632 2128 659 2192 si
688 2132 790 2192 mater
817 2151 889 2193 mea
916 2131 1061 2215 moritur,

49 2215 146 2282 dato’.
199 2219 327 2280 mortuo
354 2219 447 2299 patre
474 2215 615 2281 familias
639 2216 744 2281 Titius
775 2217 900 2282 vixerat
927 2223 960 2283 et
988 2219 1062 2285 viva

49 2309 153 2370 matre
169 2303 358 2369 decesserat.
382 2307 510 2370 mortua
524 2309 626 2370 matre
641 2305 812 2372 heredibus
824 2306 903 2372 Titii
917 2309 1061 2395 legatum

51 2394 163 2458 deberi
187 2392 301 2458 Ofilius
325 2393 503 2478 respondit,
527 2395 677 2480 quoniam
701 2418 766 2460 non
790 2396 850 2460 sub
875 2397 1061 2463 condicione

48 2487 133 2548 esset
167 2482 325 2566 legatum,
357 2482 411 2546 sed
445 2486 519 2547 ante
551 2484 695 2569 legatum
725 2505 818 2566 pure,
850 2484 964 2548 deinde
993 2487 1059 2550 dies

1 2619 2 2648 2
48 2569 196 2636 solvendi
224 2569 358 2637 adiecto.
402 2571 571 2653 videturesse,
601 2569 707 2655 inquit
730 2569 852 2651 Labeo,
879 2591 918 2635 ue
944 2574 980 2636 id
997 2575 1060 2655 fol·

1 2657 2 2664 '
46 2679 114 2725 sum
136 2660 193 2743 sit,
217 2661 292 2745 quia
314 2659 396 2724 nihil
418 2660 557 2742 intersit,
571 2662 688 2735 ,utrum
713 2657 759 2721 ita
782 2657 942 2722 scribatur
965 2659 1056 2745 ‘quas

1 2805 2 2816 .
45 2747 201 2833 pecunias
225 2748 337 2834 auique
360 2749 477 2835 legavi,
500 2769 554 2812 eas
577 2746 669 2811 heres
693 2767 794 2830 meus,
815 2745 844 2810 si
865 2749 969 2810 mater
988 2770 1059 2814 mea

44 2837 196 2920 moritur,
229 2835 316 2902 dato'
345 2858 385 2902 an
418 2838 465 2901 ita
497 2835 572 2900 ‘nisi
605 2840 708 2900 mater
736 2856 808 2900 mea
836 2834 985 2918 moritur,
1017 2857 1059 2902 ne

45 2925 149 2992 dato':
178 2925 349 3010 utrubique
377 2925 461 2990 enim
490 2926 550 2990 sub
579 2925 765 2992 condicione
793 2925 843 2990 vel
871 2923 982 2989 datum
1008 2926 1059 2989 vel

44 3015 233 3100 ademptum
257 3037 328 3080 esse
350 3015 502 3101 legatum.
828 3085 856 3094 „
1119 3025 1121 3029 ’

135 3104 188 3169 70.
209 3101 247 3169 D.
261 3104 371 3184 ibide
387 3105 416 3170 3.
434 3140 471 3150 -
488 3103 645 3170 Dominus
658 3123 743 3170 seraa
756 3102 822 3169 HS
827 3099 871 3168 1⁷1
885 3101 1072 3186 <rationis>¹

42 3193 109 3259 eius
132 3193 287 3276 beaverat
309 3191 403 3260 ‘bores
425 3213 511 3258 meus
529 3192 632 3258 Sticho
655 3212 739 3257 servo
762 3213 836 3276 aneo,
857 3211 945 3274 quem
968 3195 1057 3258 asra-

1 3287 2 3290 *
42 3305 144 3366 mento
170 3299 298 3365 lebetum
320 3320 381 3366 esse
407 3301 498 3382 iussi,
520 3299 559 3364 Η
562 3281 634 3364 817¹
661 3318 738 3380 qaae
760 3299 795 3362 tu
823 3297 936 3362 rabulis
962 3297 1057 3380 debea

1 3479 2 3486 ἵ
41 3390 134 3455 dato'.
186 3387 269 3454 aaut
299 3409 384 3454 aava
417 3389 550 3490 leuatam
580 3407 642 3454 esse
669 3385 815 3450 Namusa
842 3383 984 3452 &aaa
1012 3407 1058 3452 re·

1 3543 2 3548 ¹
112 3569 128 3618 1
153 3563 230 3619 Trio.
250 3579 347 3617 eureos
366 3562 496 3630 quinque.

792 3646 844 3701 13⁸
