2512 3888
146 139 212 204 466
253 137 287 192 11.
316 137 383 192 TIB.
403 135 480 192 dall
505 135 635 192 GLAUD.
654 135 790 192 NERON.
809 134 916 192 TEMP.
935 135 1032 191 lURIS
1057 135 1163 192 CONS.

146 307 178 366 P.
195 307 280 366 2679
305 304 343 363 de
366 305 469 364 eadem
492 324 525 364 re
547 304 656 381 tradit,
686 324 705 364 5
726 304 837 365 Subino
859 304 957 381 petita
980 322 1044 364 5555
1068 305 1164 364 Lenel

149 396 170 454 l.
185 414 210 456 c.
223 414 252 470 p.
268 395 309 453 52
334 393 463 453 coniicit.
509 397 581 454 sunt
603 396 704 453 antem
728 394 790 453 fare
812 393 898 452 haec:
922 387 1023 471 ‘Ligni
1048 390 1164 470 [appel-

146 479 237 559 latio]
256 501 365 553 nomen
383 483 521 560 generale
541 485 597 559 est,
616 482 668 542 sed
687 483 729 541 sic
748 485 913 558 separatur,
930 484 967 540 ut
985 483 1027 541 sit
1043 483 1162 560 aliquid

147 566 277 654 (potiusz
301 568 398 651 aliud)
431 571 571 644 materia,
604 570 718 648 aliquid
746 565 873 650 (potiusz
906 562 1005 652 aliud)
1034 570 1161 649 lignum.

150 661 277 720 materia
300 663 360 731 ast,
384 679 459 737 quae
484 659 522 719 ad
545 659 762 719 aedificandum
784 659 969 719 fulciendum
991 659 1162 720 necessaria

153 753 206 824 est,
230 750 354 828 lignum,
379 748 525 826 quidquid
547 748 739 808 comburendi
761 766 852 808 causa
873 750 1014 824 paratum
1037 741 1104 809 est'.

505 962 683 1036 Deprecatio
706 962 806 1036 lupulo.

236 1088 282 1147 De
299 1087 418 1163 peculio
436 1087 538 1163 legato
554 1084 694 1145 dixerunt
708 1085 830 1145 Servius
843 1077 874 1166 (I
888 1105 916 1161 p.
928 1077 1016 1164 171),
1033 1084 1161 1146 Alfenus

161 1197 188 1253 p.
213 1167 302 1258 301),
335 1175 453 1235 Tubero
485 1165 529 1256 (p.
553 1167 642 1254 362),
674 1175 833 1234 Trebatius
865 1165 909 1256 (p.
938 1169 1027 1252 399),
1059 1175 1160 1236 Labeo

161 1265 193 1325 Π
211 1259 478 1426 psissinfflbcum
495 1352 595 1428 ipsum
615 1370 733 1430 qnoque
752 1352 788 1411 de
802 1352 920 1428 peculio
934 1352 1036 1429 legato
1051 1352 1159 1412 dixisse

149 1445 279 1519 constet,
305 1442 363 1501 hoo
389 1441 468 1501 libro
495 1441 527 1501 id
554 1442 659 1501 fecisse
686 1443 918 1501 consentaneum
946 1444 999 1501 est.
1050 1441 1161 1517 peculii

149 1531 352 1592 definitionem
376 1549 394 1589 a
417 1529 574 1590 Tuberone
596 1530 782 1606 propositam
804 1529 924 1590 videtur
946 1529 1098 1606 probasse.

239 1665 372 1726 Tubero:
528 1662 710 1739 Pomponius
734 1662 772 1722 ad
838 1662 1160 1723 PaulusadSabinnm:

573 1751 730 1812 Sabinum:

193 1861 228 1919 D.
256 1861 465 1939 15,1,5,4
536 1860 573 1919 D.
595 1861 744 1936 15,1,4.
767 1889 811 1900 -
882 1858 1157 1935 1).15,1,8.-

147 1949 216 2025 Ulp.
243 1981 285 1991 —
313 1949 463 2008 Peculium
493 1948 608 2008 Pecuh'i
626 1951 673 2007 est
692 1966 753 2007 non
770 1947 810 2020 id,
837 1948 906 2008 Non
942 1947 1046 2008 statim
1081 1947 1160 2023 quod

147 2081 184 2096 ..
212 2037 330 2097 Tubero
359 2083 394 2098 ..
423 2038 465 2097 sic
494 2038 578 2096 cuins
602 2055 706 2096 servus
730 2053 809 2096 seor·
838 2036 976 2096 dominus
1002 2036 1100 2097 voluit
1126 2054 1161 2095 ex

148 2124 264 2201 definit,
386 2125 466 2202 quod
493 2144 560 2184 sum
582 2144 600 2183 5
623 2125 742 2184 domino
763 2143 810 2185 ra·
837 2143 869 2184 re
888 2144 943 2185 sna
960 2125 1071 2201 peculii
1085 2143 1159 2202 esse,

149 2232 253 2274 servus
271 2213 384 2272 domini
400 2232 466 2289 per·
493 2214 811 2292 tionemhabueritsed
837 2215 989 2290 peculium
1007 2214 1088 2292 fecit,
1108 2213 1160 2274 sed

148 2303 244 2361 missu
263 2304 468 2377 separatnma
494 2302 574 2379 quod
590 2302 728 2363 dominus
746 2303 810 2378 ipse
839 2303 865 2364 si
878 2302 1005 2362 tradidit
1013 2305 1076 2376 aut,
1090 2321 1159 2362 cum

147 2390 315 2450 rationibus
340 2389 466 2450 domini·
494 2392 679 2469 separaverit
692 2410 812 2452 suarna
838 2391 1095 2469 apudeumesset,
1103 2410 1158 2469 pro

149 2479 191 2540 cis
213 2478 313 2557 habet,
339 2479 466 2540 deducto
494 2481 574 2541 servi
588 2481 736 2541 rationem
753 2480 811 2540 dis·
838 2480 952 2541 tradito
979 2480 1086 2539 habuit

148 2568 217 2628 inde
250 2569 277 2628 si
312 2570 383 2647 quid
415 2570 466 2630 do·
494 2589 626 2631 cernens.

148 2658 229 2719 mino
253 2659 385 2719 debetur.

236 2788 289 2852 47.
312 2786 352 2852 D.
367 2788 420 2872 33,
435 2788 464 2867 8,
479 2788 508 2867 8,
522 2787 552 2851 3.
581 2785 740 2870 Ulpianus
758 2786 843 2852 libro
869 2787 1023 2852 vicesimo
1048 2787 1160 2873 quinto

151 2875 191 2940 ad
212 2874 365 2941 Sabinum
388 2871 437 2961 (P.
451 2871 577 2960 assub).
599 2910 636 2921 —
658 2876 877 2959 ..quaeritur‚
900 2877 928 2940 si
951 2898 1044 2942 servo
1064 2877 1161 2941 liber·
1222 2945 1223 2965 ,

151 2969 204 3029 555
233 2965 310 3029 data
337 2965 394 3049 sit,
427 2965 454 3028 si
482 2963 590 3027 decem
617 2961 758 3028 dedisset
784 2963 907 3046 heredi,
934 2964 1160 3050 peculiumque
1221 3021 1222 3024 ,

150 3053 179 3117 ei
200 3053 344 3138 legatum
365 3053 417 3136 sit,
437 3074 479 3116 an
498 3052 616 3134 desem,
636 3073 717 3137 quae
732 3053 872 3118 dedisset
884 3053 1004 3138 heredi,
1023 3053 1162 3118 debeant

149 3142 188 3206 de
207 3142 332 3225 peculio
352 3140 509 3206 decedere.
552 3145 585 3205 et
675 3140 796 3207 Sabino
816 3142 948 3226 placuit,
972 3142 1035 3207 hoc
1052 3143 1161 3208 minus

150 3251 220 3294 esse
244 3231 278 3294 in
300 3229 426 3314 peculio
449 3229 568 3313 legato.

235 3319 290 3382 48.
318 3317 357 3382 D.
376 3317 451 3382 ibid.
470 3319 489 3398 ἓ
507 3319 538 3383 4.
562 3353 604 3364 -
627 3367 662 3384 ..
685 3319 732 3383 ait
755 3317 906 3404 Sabinus,
935 3321 963 3384 si
991 3320 1162 3384 statuliber

149 3425 277 3469 servum
310 3405 418 3468 heredi
449 3406 642 3490 vendiderit,
679 3407 809 3490 perinde
842 3409 984 3473 desinere
1017 3431 1089 3473 eum
1123 3409 1160 3474 iu

149 3493 275 3570 peculio
300 3514 380 3575 esse,
403 3497 499 3579 etque
522 3495 550 3558 si
574 3501 724 3562 extraneo
749 3496 951 3562 vendidisset.
