2506 3880
378 162 402 209 7.
425 154 462 210 Μ.
479 154 670 210 ANTISTIUS
689 154 809 212 LABEO
1035 158 1099 223 119

97 319 173 407 galis
204 317 326 404 aliquid
358 339 378 382 a
409 339 460 382 me
491 318 626 384 factum:
661 320 808 405 quamvis
840 321 1010 406 erraverit,
1042 321 1098 408 agi

94 413 195 474 tamen
217 429 292 472 cum
316 428 353 472 eo
375 406 408 471 ri
425 407 585 473 bonorum
604 412 770 492 raptorum
789 429 854 475 non
872 431 967 494 posse
985 409 1096 477 Labeo

94 497 137 564 ait
159 497 249 578 [sane
273 495 347 560 dolo
370 500 471 580 earet3
494 496 522 560 si
544 500 653 561 tamen
676 497 747 562 idco
765 497 906 582 inclusit,
928 521 969 564 ne
987 521 1097 585 pasca·

91 590 142 651 tur
162 588 194 650 at
216 588 255 650 ut
276 584 361 650 fame
383 585 516 668 periret,
539 584 638 650 etiam
661 585 734 650 utili
757 586 830 672 lege
853 587 1006 671 Aquilia}

173 696 297 757 Persico
319 695 419 756 Labeo
441 688 486 754 11²
505 698 546 758 65
558 715 601 774 sq.

176 798 248 862 132.
276 795 316 863 D.
338 798 391 880 47,
410 798 440 883 8,
458 798 488 863 3.
538 796 657 863 Paulus
688 798 773 862 libro
804 799 1095 884 quinquagensimo

90 891 200 973 quarto
227 886 267 950 ad
291 886 430 952 edictum
452 885 503 971 (P.
517 883 605 974 677).
628 923 672 934 -
695 884 730 951 Si
753 908 825 952 cum
854 887 984 953 domino
1010 889 1096 955 intra

89 997 205 1041 annum
228 978 337 1040 aetum
360 974 416 1059 sit,
439 974 554 1040 deinde
576 995 650 1041 cum
672 976 871 1042 manumisso
896 980 1026 1062 agatur,
1048 979 1096 1043 rei

86 1064 243 1130 iudicatae
267 1064 487 1148 exceptionem
509 1085 625 1130 nccare
647 1063 757 1130 Labeo
781 1067 835 1130 ait.

507 1266 555 1326 Dc
576 1267 670 1326 caca.

173 1376 248 1441 133.
266 1375 305 1440 D.
314 1375 368 1458 47,
378 1375 407 1458 8,
416 1373 448 1452 4,
457 1375 486 1440 2.
518 1374 679 1458 Ulpianus
698 1376 782 1441 libro
802 1376 1095 1462 quinquagensimo

86 1468 175 1530 sexto
199 1463 240 1528 ad
264 1463 402 1531 edictum
424 1460 474 1550 (P.
494 1463 666 1546 13241-
688 1464 831 1530 Turbam
850 1514 879 1530 ..
898 1466 1093 1549 appellatam

84 1551 193 1618 Labeo
213 1553 262 1618 ait
280 1574 318 1616 ex
337 1573 454 1637 genere
472 1553 632 1618 tumultus
650 1553 746 1638 idque
765 1554 898 1619 verbum
915 1575 953 1621 ex
968 1552 1092 1622 Graeco

82 1646 224 1708 tractum
247 1640 311 1707 ἀπὸ
334 1648 395 1706 τοῦ
416 1644 586 1727 θορυβεῖν.

174 1731 247 1796 134.
274 1729 313 1796 D.
327 1729 480 1811 isiaca.
508 1767 551 1778 -
580 1728 746 1797 ..Labeo
779 1731 866 1796 inter
896 1732 1028 1797 turbam
1060 1737 1097 1798 et

82 1821 188 1884 rixam
220 1821 358 1884 multum
385 1820 539 1885 interesse
567 1819 626 1885 ait:
658 1840 796 1904 namque
826 1819 958 1884 turbam
985 1820 1094 1886 multi-

82 1908 204 1974 tudinis
231 1907 398 1973 hominum
426 1929 496 1973 esse
523 1909 740 1975 turbationem
764 1913 796 1973 et
819 1911 960 1993 coetum,
988 1910 1094 1974 rixam

82 1998 180 2061 etiam
205 1996 351 2062 duorum.

339 2118 386 2177 Dc
407 2119 537 2178 incendio
559 2121 649 2178 ruina
670 2119 837 2193 naufragio.

30 2297 36 2310 ,
170 2228 244 2294 135.
264 2225 302 2293 D.
315 2228 369 2307 47,
379 2228 409 2312 9,
419 2228 449 2310 3,
459 2228 488 2292 2.
520 2227 679 2311 Ulpianus
699 2229 782 2294 libro
800 2229 1091 2317 quinquagensimo

79 2319 173 2381 sexto
197 2317 238 2381 ad
262 2316 401 2382 edictum
420 2313 470 2402 (P.
485 2313 611 2405 l33lb).
629 2353 673 2364 -—
691 2316 800 2383 Labeo
819 2317 934 2383 scribit
953 2340 1092 2403 aequum

77 2405 194 2488 fuisse,
217 2409 268 2491 ut,
295 2405 361 2470 sive
385 2405 423 2469 de
446 2405 540 2471 domo
565 2408 632 2470 sive
655 2406 690 2470 in
713 2406 791 2471 villa
815 2407 1009 2491 expugnatis
1032 2406 1091 2473 ali-

78 2493 161 2578 quid
181 2495 342 2579 rapiatur,
367 2493 443 2558 huic
465 2493 571 2560 edicto
594 2496 683 2560 locus
708 2495 763 2558 sit:
790 2515 850 2558 nec
874 2495 959 2558 enim
983 2494 1090 2560 min‘us

77 2581 225 2735 infmtaari·
244 2604 342 2667 quam
359 2583 394 2647 in
412 2582 491 2648 villa
508 2605 567 2667 per
584 2583 784 2648 latrunculos
803 2582 1019 2666 inquietamur
1037 2585 1090 2649 vel

75 2692 113 2736 1n
127 2691 163 2736 es
198 2693 228 2736 rr
274 2693 431 2737 assumus.

172 2695 302 2826 136.pD.
314 2760 367 2844 47,
377 2762 407 2844 9,
417 2760 447 2841 3,
458 2761 487 2826 l.
518 2757 681 2843 Ulpianus
700 2758 784 2824 libro
798 2757 1090 2843 quinquagensimo

75 2854 174 2913 sexto
193 2848 234 2914 ad
253 2847 392 2915 edictum
411 2845 460 2934 (P.
476 2846 586 2936 1333).
606 2886 648 2895 -
667 2848 775 2913 Labeo
795 2847 916 2931 scribit,
938 2848 965 2912 si
985 2845 1091 2912 delen·

76 2935 178 3001 dandi
207 2937 270 3002 mci
298 2959 395 3004 causa
421 2937 519 3003 vicini
546 2937 725 3003 aedificium
753 2941 826 3003 orto
852 2935 998 3002 incendic
1027 2935 1091 3000 dis-

18 3031 20 3042 '
74 3025 261 3110 sipcverim‚
284 3030 316 3091 et
339 3048 410 3092 mco
433 3027 563 3092 nomine
586 3031 620 3092 et
641 3027 786 3093 familiae
808 3026 960 3092 iudicium
983 3025 1018 3089 in
1041 3046 1091 3090 me

73 3111 228 3180 dandum.

332 3227 379 3286 Dc
401 3229 532 3287 iniuriis:
555 3227 677 3287 edictam
696 3228 836 3300 pecccata.

174 3337 244 3402 137.
271 3335 389 3403 Uollat.
413 3337 443 3416 2,
461 3338 491 3418 5,
512 3338 540 3402 1.
593 3334 713 3400 Paulus
750 3335 832 3400 libro
867 3334 1026 3417 singulari
1056 3339 1091 3402 et

70 3421 180 3488 titulo
198 3427 235 3489 dc
253 3424 381 3490 iniuriis
400 3421 450 3510 (P.
465 3423 554 3511 881).
573 3460 616 3472 —-
636 3472 643 3488 .
658 3474 664 3487 .
680 3472 688 3489 .
705 3422 814 3489 Labeo
833 3423 980 3507 putabat,
1005 3423 1089 3510 apud

72 3515 263 3595 praetorem
286 3514 437 3578 iniuriam
459 3512 560 3598 ὕβριν
584 3511 753 3577 dumtaxat
776 3509 965 3596 significare.
