<?xml version="1.0" encoding="UTF-8"?>
<!DOCTYPE html PUBLIC "-//W3C//DTD XHTML 1.0 Transitional//EN"
    "http://www.w3.org/TR/xhtml1/DTD/xhtml1-transitional.dtd">
<html xmlns="http://www.w3.org/1999/xhtml" xml:lang="en" lang="en">
 <head>
  <title>
</title>
<meta http-equiv="Content-Type" content="text/html;charset=utf-8" />
  <meta name='ocr-system' content='tesseract 3.04.00' />
  <meta name='ocr-capabilities' content='ocr_page ocr_carea ocr_par ocr_line ocrx_word'/>
</head>
<body>
  <div class='ocr_page' id='page_1' title='image "./iurisprudentiae04bremgoog_0556.png"; bbox 0 0 2508 3896; ppageno 0'>
   <div class='ocr_carea' id='block_1_1' title="bbox 138 153 1150 226">
    <p class='ocr_par' dir='ltr' id='par_1_1' title="bbox 138 153 1150 226">
     <span class='ocr_line' id='line_1_1' title="bbox 138 153 1150 226; baseline -0.003 -11"><span class='ocrx_word' id='word_1_1' title='bbox 138 159 204 226; x_wconf 81' lang='grc'><strong>568</strong></span> <span class='ocrx_word' id='word_1_2' title='bbox 241 160 276 215; x_wconf 90' lang='lat' dir='ltr'><strong>II.</strong></span> <span class='ocrx_word' id='word_1_3' title='bbox 298 157 366 213; x_wconf 84' lang='lat' dir='ltr'><strong>TIB.</strong></span> <span class='ocrx_word' id='word_1_4' title='bbox 390 156 467 212; x_wconf 82' lang='lat' dir='ltr'>GAII</span> <span class='ocrx_word' id='word_1_5' title='bbox 489 156 617 212; x_wconf 79' lang='lat' dir='ltr'><strong>CLAUD.</strong></span> <span class='ocrx_word' id='word_1_6' title='bbox 641 153 777 210; x_wconf 80' lang='lat' dir='ltr'><strong>NERON.</strong></span> <span class='ocrx_word' id='word_1_7' title='bbox 802 153 1150 212; x_wconf 64' lang='lat' dir='ltr'><strong>murmuramus</strong></span> 
     </span>
    </p>
   </div>
   <div class='ocr_carea' id='block_1_2' title="bbox 478 357 812 546">
    <p class='ocr_par' dir='ltr' id='par_1_2' title="bbox 478 357 812 546">
     <span class='ocr_line' id='line_1_2' title="bbox 559 357 726 419; baseline -0.006 0"><span class='ocrx_word' id='word_1_8' title='bbox 559 357 669 419; x_wconf 83' lang='lat' dir='ltr'><strong>Liber.</strong></span> <span class='ocrx_word' id='word_1_9' title='bbox 691 359 726 418; x_wconf 88' lang='lat' dir='ltr'><strong>V.</strong></span> 
     </span>
     <span class='ocr_line' id='line_1_3' title="bbox 478 477 812 546; baseline 0.003 -15"><span class='ocrx_word' id='word_1_10' title='bbox 478 477 521 532; x_wconf 79' lang='lat' dir='ltr'><strong>Dc</strong></span> <span class='ocrx_word' id='word_1_11' title='bbox 539 477 628 546; x_wconf 82' lang='lat' dir='ltr'><strong>operis</strong></span> <span class='ocrx_word' id='word_1_12' title='bbox 646 477 812 532; x_wconf 56' lang='lat' dir='ltr'><strong>cormeum.</strong></span> 
     </span>
    </p>
   </div>
   <div class='ocr_carea' id='block_1_3' title="bbox 138 582 1154 1029">
    <p class='ocr_par' dir='ltr' id='par_1_3' title="bbox 138 582 1154 1029">
     <span class='ocr_line' id='line_1_4' title="bbox 229 582 1151 672; baseline 0.001 -20"><span class='ocrx_word' id='word_1_13' title='bbox 229 589 257 652; x_wconf 91' lang='lat'><strong>1.</strong></span> <span class='ocrx_word' id='word_1_14' title='bbox 277 587 417 672; x_wconf 84' lang='lat' dir='ltr'><strong>D.38,1‚</strong></span> <span class='ocrx_word' id='word_1_15' title='bbox 430 587 479 652; x_wconf 90' lang='lat'><strong>18.</strong></span> <span class='ocrx_word' id='word_1_16' title='bbox 509 585 596 650; x_wconf 87' lang='lat' dir='ltr'><strong>Idem</strong></span> <span class='ocrx_word' id='word_1_17' title='bbox 608 582 759 671; x_wconf 90' lang='lat' dir='ltr'><strong>(Paulus)</strong></span> <span class='ocrx_word' id='word_1_18' title='bbox 775 586 860 650; x_wconf 90' lang='lat' dir='ltr'><strong>libro</strong></span> <span class='ocrx_word' id='word_1_19' title='bbox 877 586 1151 672; x_wconf 80' lang='lat' dir='ltr'><strong>quadragensimo</strong></span> 
     </span>
     <span class='ocr_line' id='line_1_5' title="bbox 138 672 1154 763; baseline 0 -21"><span class='ocrx_word' id='word_1_20' title='bbox 138 676 181 742; x_wconf 85' lang='lat' dir='ltr'><strong>&#39;ad</strong></span> <span class='ocrx_word' id='word_1_21' title='bbox 210 677 349 741; x_wconf 85' lang='lat' dir='ltr'><strong>edictum</strong></span> <span class='ocrx_word' id='word_1_22' title='bbox 373 672 423 763; x_wconf 90' lang='lat' dir='ltr'><strong>(P.</strong></span> <span class='ocrx_word' id='word_1_23' title='bbox 437 673 527 760; x_wconf 75' lang='lat'><strong>573).</strong></span> <span class='ocrx_word' id='word_1_24' title='bbox 553 711 594 722; x_wconf 91' lang='lat'>-</span> <span class='ocrx_word' id='word_1_25' title='bbox 620 673 684 740; x_wconf 88' lang='lat' dir='ltr'><strong>Suo</strong></span> <span class='ocrx_word' id='word_1_26' title='bbox 712 676 800 740; x_wconf 88' lang='lat' dir='ltr'><strong>victu</strong></span> <span class='ocrx_word' id='word_1_27' title='bbox 828 675 1009 759; x_wconf 83' lang='lat' dir='ltr'><strong>vestituque</strong></span> <span class='ocrx_word' id='word_1_28' title='bbox 1037 698 1154 761; x_wconf 82' lang='lat' dir='ltr'><strong>operas</strong></span> 
     </span>
     <span class='ocr_line' id='line_1_6' title="bbox 142 761 1153 851; baseline 0.001 -21"><span class='ocrx_word' id='word_1_29' title='bbox 142 769 306 851; x_wconf 89' lang='lat' dir='ltr'><strong>praestare</strong></span> <span class='ocrx_word' id='word_1_30' title='bbox 325 765 440 829; x_wconf 91' lang='lat' dir='ltr'><strong>debere</strong></span> <span class='ocrx_word' id='word_1_31' title='bbox 459 765 611 828; x_wconf 88' lang='lat' dir='ltr'><strong>libertum</strong></span> <span class='ocrx_word' id='word_1_32' title='bbox 627 761 764 828; x_wconf 86' lang='lat' dir='ltr'><strong>Sabinus</strong></span> <span class='ocrx_word' id='word_1_33' title='bbox 782 764 822 828; x_wconf 93' lang='lat' dir='ltr'><strong>ad</strong></span> <span class='ocrx_word' id='word_1_34' title='bbox 837 764 976 829; x_wconf 89' lang='lat' dir='ltr'><strong>edietum</strong></span> <span class='ocrx_word' id='word_1_35' title='bbox 993 767 1153 847; x_wconf 89' lang='lat' dir='ltr'><strong>praetoris</strong></span> 
     </span>
     <span class='ocr_line' id='line_1_7' title="bbox 142 852 1154 939; baseline -0.003 -20"><span class='ocrx_word' id='word_1_36' title='bbox 142 854 258 920; x_wconf 86' lang='lat' dir='ltr'><strong>urbani</strong></span> <span class='ocrx_word' id='word_1_37' title='bbox 275 855 359 918; x_wconf 88' lang='lat' dir='ltr'><strong>libro</strong></span> <span class='ocrx_word' id='word_1_38' title='bbox 379 854 492 938; x_wconf 88' lang='lat' dir='ltr'><strong>quinto</strong></span> <span class='ocrx_word' id='word_1_39' title='bbox 512 852 638 936; x_wconf 81' lang='lat' dir='ltr'><strong>scribit3</strong></span> <span class='ocrx_word' id='word_1_40' title='bbox 657 853 742 937; x_wconf 90' lang='lat' dir='ltr'><strong>quod</strong></span> <span class='ocrx_word' id='word_1_41' title='bbox 763 853 791 916; x_wconf 90' lang='lat' dir='ltr'><strong>si</strong></span> <span class='ocrx_word' id='word_1_42' title='bbox 809 853 896 918; x_wconf 85' lang='lat' dir='ltr'><strong>alere</strong></span> <span class='ocrx_word' id='word_1_43' title='bbox 911 873 944 918; x_wconf 86' lang='lat' dir='ltr'><strong>se</strong></span> <span class='ocrx_word' id='word_1_44' title='bbox 958 874 1025 917; x_wconf 91' lang='lat' dir='ltr'><strong>non</strong></span> <span class='ocrx_word' id='word_1_45' title='bbox 1040 856 1154 939; x_wconf 82' lang='lat' dir='ltr'><strong>possit,</strong></span> 
     </span>
     <span class='ocr_line' id='line_1_8' title="bbox 141 941 780 1029; baseline -0.005 -20"><span class='ocrx_word' id='word_1_46' title='bbox 141 944 335 1029; x_wconf 87' lang='lat' dir='ltr'><strong>praestanda</strong></span> <span class='ocrx_word' id='word_1_47' title='bbox 361 944 390 1006; x_wconf 89' lang='lat' dir='ltr'><strong>ei</strong></span> <span class='ocrx_word' id='word_1_48' title='bbox 414 965 434 1006; x_wconf 90' lang='lat' dir='ltr'><strong>a</strong></span> <span class='ocrx_word' id='word_1_49' title='bbox 455 946 592 1026; x_wconf 84' lang='lat' dir='ltr'><strong>patrono</strong></span> <span class='ocrx_word' id='word_1_50' title='bbox 616 941 780 1007; x_wconf 86' lang='lat' dir='ltr'><strong>alimenta.</strong></span> 
     </span>
    </p>
   </div>
   <div class='ocr_carea' id='block_1_4' title="bbox 465 1158 827 1218">
    <p class='ocr_par' dir='ltr' id='par_1_4' title="bbox 465 1158 827 1218">
     <span class='ocr_line' id='line_1_9' title="bbox 465 1158 827 1218; baseline 0.003 -1"><span class='ocrx_word' id='word_1_51' title='bbox 465 1159 515 1217; x_wconf 80' lang='lat' dir='ltr'><strong>Ex</strong></span> <span class='ocrx_word' id='word_1_52' title='bbox 538 1159 688 1218; x_wconf 90' lang='lat' dir='ltr'><strong>incertis</strong></span> <span class='ocrx_word' id='word_1_53' title='bbox 712 1158 827 1218; x_wconf 88' lang='lat' dir='ltr'><strong>libris.</strong></span> 
     </span>
    </p>
   </div>
   <div class='ocr_carea' id='block_1_5' title="bbox 139 1282 1153 1510">
    <p class='ocr_par' dir='ltr' id='par_1_5' title="bbox 139 1282 1153 1510">
     <span class='ocr_line' id='line_1_10' title="bbox 229 1282 1153 1382; baseline -0.001 -37"><span class='ocrx_word' id='word_1_54' title='bbox 229 1286 356 1382; x_wconf 75' lang='lat' dir='ltr'><strong>Reliqua</strong></span> <span class='ocrx_word' id='word_1_55' title='bbox 377 1285 548 1362; x_wconf 82' lang='lat' dir='ltr'><strong>fragmenta</strong></span> <span class='ocrx_word' id='word_1_56' title='bbox 570 1283 609 1343; x_wconf 93' lang='lat' dir='ltr'><strong>ad</strong></span> <span class='ocrx_word' id='word_1_57' title='bbox 631 1284 766 1342; x_wconf 83' lang='lat' dir='ltr'><strong>ordinem</strong></span> <span class='ocrx_word' id='word_1_58' title='bbox 789 1283 880 1343; x_wconf 90' lang='lat' dir='ltr'><strong>edicti</strong></span> <span class='ocrx_word' id='word_1_59' title='bbox 900 1303 918 1343; x_wconf 93' lang='lat' dir='ltr'><strong>a</strong></span> <span class='ocrx_word' id='word_1_60' title='bbox 936 1282 1057 1345; x_wconf 87' lang='lat' dir='ltr'><strong>Iuliano</strong></span> <span class='ocrx_word' id='word_1_61' title='bbox 1076 1304 1153 1346; x_wconf 89' lang='lat' dir='ltr'><strong>com·</strong></span> 
     </span>
     <span class='ocr_line' id='line_1_11' title="bbox 139 1374 376 1453; baseline -0.017 -15"><span class='ocrx_word' id='word_1_62' title='bbox 139 1377 232 1453; x_wconf 85' lang='lat' dir='ltr'><strong>positi</strong></span> <span class='ocrx_word' id='word_1_63' title='bbox 255 1374 376 1452; x_wconf 82' lang='lat' dir='ltr'><strong>digessi.</strong></span> 
     </span>
     <span class='ocr_line' id='line_1_12' title="bbox 516 1453 774 1510; baseline 0.008 -2"><span class='ocrx_word' id='word_1_64' title='bbox 516 1453 560 1508; x_wconf 82' lang='lat' dir='ltr'><strong>De</strong></span> <span class='ocrx_word' id='word_1_65' title='bbox 578 1453 774 1510; x_wconf 70' lang='lat' dir='ltr'><strong>iurisdictione.</strong></span> 
     </span>
    </p>
   </div>
   <div class='ocr_carea' id='block_1_6' title="bbox 229 1545 1152 1638">
    <p class='ocr_par' dir='ltr' id='par_1_6' title="bbox 229 1545 1152 1638">
     <span class='ocr_line' id='line_1_13' title="bbox 229 1545 1152 1638; baseline 0 -17"><span class='ocrx_word' id='word_1_66' title='bbox 229 1545 265 1621; x_wconf 76' lang='lat'><strong>2.</strong></span> <span class='ocrx_word' id='word_1_67' title='bbox 291 1555 535 1638; x_wconf 81' lang='lat' dir='ltr'><strong>D.2,1,11pr.</strong></span> <span class='ocrx_word' id='word_1_68' title='bbox 581 1553 680 1618; x_wconf 85' lang='lat' dir='ltr'><strong>Gaius</strong></span> <span class='ocrx_word' id='word_1_69' title='bbox 708 1553 791 1618; x_wconf 90' lang='lat' dir='ltr'><strong>libro</strong></span> <span class='ocrx_word' id='word_1_70' title='bbox 818 1554 922 1637; x_wconf 89' lang='lat' dir='ltr'><strong>primo</strong></span> <span class='ocrx_word' id='word_1_71' title='bbox 946 1554 987 1619; x_wconf 87' lang='lat' dir='ltr'><strong>ad</strong></span> <span class='ocrx_word' id='word_1_72' title='bbox 1011 1555 1152 1621; x_wconf 89' lang='lat' dir='ltr'><strong>edictum</strong></span> 
     </span>
    </p>
   </div>
   <div class='ocr_carea' id='block_1_7' title="bbox 140 1641 1242 2084">
    <p class='ocr_par' dir='ltr' id='par_1_7' title="bbox 140 1641 1242 2084">
     <span class='ocr_line' id='line_1_14' title="bbox 141 1641 1152 1730; baseline -0.003 -19"><span class='ocrx_word' id='word_1_73' title='bbox 141 1645 340 1730; x_wconf 78' lang='lat' dir='ltr'><strong>provinciale</strong></span> <span class='ocrx_word' id='word_1_74' title='bbox 368 1642 418 1728; x_wconf 87' lang='lat' dir='ltr'><strong>(P.</strong></span> <span class='ocrx_word' id='word_1_75' title='bbox 431 1641 499 1730; x_wconf 81' lang='lat'><strong>56).</strong></span> <span class='ocrx_word' id='word_1_76' title='bbox 522 1679 565 1690; x_wconf 91' lang='lat'><em>-</em></span> <span class='ocrx_word' id='word_1_77' title='bbox 589 1641 624 1707; x_wconf 84' lang='lat' dir='ltr'><strong>Si</strong></span> <span class='ocrx_word' id='word_1_78' title='bbox 650 1643 735 1706; x_wconf 87' lang='lat' dir='ltr'><strong>idem</strong></span> <span class='ocrx_word' id='word_1_79' title='bbox 763 1663 835 1706; x_wconf 89' lang='lat' dir='ltr'><strong>eum</strong></span> <span class='ocrx_word' id='word_1_80' title='bbox 864 1643 975 1708; x_wconf 92' lang='lat' dir='ltr'><strong>eodem</strong></span> <span class='ocrx_word' id='word_1_81' title='bbox 1003 1645 1152 1729; x_wconf 90' lang='lat' dir='ltr'><strong>pluribus</strong></span> 
     </span>
     <span class='ocr_line' id='line_1_15' title="bbox 141 1731 1152 1818; baseline -0.002 -19"><span class='ocrx_word' id='word_1_82' title='bbox 141 1733 324 1800; x_wconf 80' lang='lat' dir='ltr'><strong>actionibus</strong></span> <span class='ocrx_word' id='word_1_83' title='bbox 356 1735 447 1818; x_wconf 78' lang='lat' dir='ltr'><strong>agat,</strong></span> <span class='ocrx_word' id='word_1_84' title='bbox 479 1753 615 1817; x_wconf 86' lang='lat' dir='ltr'><strong>quarum</strong></span> <span class='ocrx_word' id='word_1_85' title='bbox 643 1731 844 1815; x_wconf 79' lang='lat' dir='ltr'><strong>singularum</strong></span> <span class='ocrx_word' id='word_1_86' title='bbox 873 1733 1038 1816; x_wconf 79' lang='lat' dir='ltr'><strong>quantitas</strong></span> <span class='ocrx_word' id='word_1_87' title='bbox 1065 1734 1152 1799; x_wconf 80' lang='lat' dir='ltr'><strong>intra</strong></span> 
     </span>
     <span class='ocr_line' id='line_1_16' title="bbox 140 1819 1151 1905; baseline 0.001 -19"><span class='ocrx_word' id='word_1_88' title='bbox 140 1822 400 1888; x_wconf 86' lang='lat' dir='ltr'><strong>iurisdictionem</strong></span> <span class='ocrx_word' id='word_1_89' title='bbox 423 1819 594 1887; x_wconf 86' lang='lat' dir='ltr'><strong>iudicantis</strong></span> <span class='ocrx_word' id='word_1_90' title='bbox 615 1821 667 1905; x_wconf 89' lang='lat' dir='ltr'><strong>sit,</strong></span> <span class='ocrx_word' id='word_1_91' title='bbox 690 1821 891 1885; x_wconf 78' lang='lat' dir='ltr'><strong>coacervatio</strong></span> <span class='ocrx_word' id='word_1_92' title='bbox 910 1843 987 1896; x_wconf 76' lang='lat' dir='ltr'><strong>¹vero</strong></span> <span class='ocrx_word' id='word_1_93' title='bbox 1007 1823 1151 1887; x_wconf 88' lang='lat' dir='ltr'><strong>omnium</strong></span> 
     </span>
     <span class='ocr_line' id='line_1_17' title="bbox 142 1907 1242 1996; baseline -0.002 -20"><span class='ocrx_word' id='word_1_94' title='bbox 142 1911 276 1976; x_wconf 78' lang='lat' dir='ltr'><strong>excedat</strong></span> <span class='ocrx_word' id='word_1_95' title='bbox 295 1911 425 1976; x_wconf 91' lang='lat' dir='ltr'><strong>modum</strong></span> <span class='ocrx_word' id='word_1_96' title='bbox 445 1909 678 1975; x_wconf 84' lang='lat' dir='ltr'><strong>iurisdictionis</strong></span> <span class='ocrx_word' id='word_1_97' title='bbox 696 1909 773 1987; x_wconf 90' lang='lat' dir='ltr'><strong>eius,</strong></span> <span class='ocrx_word' id='word_1_98' title='bbox 792 1907 877 1993; x_wconf 91' lang='lat' dir='ltr'><strong>apud</strong></span> <span class='ocrx_word' id='word_1_99' title='bbox 896 1931 969 1974; x_wconf 87' lang='lat' dir='ltr'><strong>eum</strong></span> <span class='ocrx_word' id='word_1_100' title='bbox 989 1911 1044 1996; x_wconf 85' lang='lat' dir='ltr'><strong>agi</strong></span> <span class='ocrx_word' id='word_1_101' title='bbox 1057 1931 1152 1996; x_wconf 86' lang='lat' dir='ltr'><strong>posse</strong></span> <span class='ocrx_word' id='word_1_102' title='bbox 1240 1919 1242 1994; x_wconf 68' lang='grc' dir='ltr'><strong>ἲ</strong></span> 
     </span>
     <span class='ocr_line' id='line_1_18' title="bbox 141 1995 1155 2084; baseline 0 -20"><span class='ocrx_word' id='word_1_103' title='bbox 141 1997 261 2064; x_wconf 84' lang='lat' dir='ltr'><strong>Sabino</strong></span> <span class='ocrx_word' id='word_1_104' title='bbox 285 2049 337 2066; x_wconf 89' lang='lat'><strong>...</strong></span> <span class='ocrx_word' id='word_1_105' title='bbox 360 2000 490 2084; x_wconf 89' lang='lat' dir='ltr'><strong>placuit.</strong></span> <span class='ocrx_word' id='word_1_106' title='bbox 1151 1995 1155 2002; x_wconf 71' lang='grc'>’</span> 
     </span>
    </p>
   </div>
   <div class='ocr_carea' id='block_1_8' title="bbox 231 2103 1242 2186">
    <p class='ocr_par' dir='ltr' id='par_1_8' title="bbox 231 2103 1242 2186">
     <span class='ocr_line' id='line_1_19' title="bbox 231 2103 1242 2186; baseline 0 -18"><span class='ocrx_word' id='word_1_107' title='bbox 231 2109 341 2168; x_wconf 82' lang='lat' dir='ltr'><strong>Gaium</strong></span> <span class='ocrx_word' id='word_1_108' title='bbox 360 2109 515 2186; x_wconf 87' lang='lat' dir='ltr'><strong>scripsisse</strong></span> <span class='ocrx_word' id='word_1_109' title='bbox 536 2103 784 2168; x_wconf 76' lang='lat' dir='ltr'><strong>‘iurisdictionem</strong></span> <span class='ocrx_word' id='word_1_110' title='bbox 802 2104 1041 2170; x_wconf 83' lang='lat' dir='ltr'><strong>duumvirorum&#39;</strong></span> <span class='ocrx_word' id='word_1_111' title='bbox 1060 2110 1152 2168; x_wconf 84' lang='lat' dir='ltr'><strong>Lanel</strong></span> <span class='ocrx_word' id='word_1_112' title='bbox 1241 2113 1242 2120; x_wconf 76' lang='grc'>’</span> 
     </span>
    </p>
   </div>
   <div class='ocr_carea' id='block_1_9' title="bbox 117 2198 1242 3439">
    <p class='ocr_par' dir='ltr' id='par_1_9' title="bbox 117 2198 1242 3084">
     <span class='ocr_line' id='line_1_20' title="bbox 117 2198 256 2260; baseline -0.014 0"><span class='ocrx_word' id='word_1_113' title='bbox 117 2198 256 2260; x_wconf 82' lang='lat' dir='ltr'><strong>conicit.</strong></span> 
     </span>
     <span class='ocr_line' id='line_1_21' title="bbox 530 2277 763 2333; baseline 0.009 -2"><span class='ocrx_word' id='word_1_114' title='bbox 530 2277 574 2332; x_wconf 82' lang='lat' dir='ltr'><strong>De</strong></span> <span class='ocrx_word' id='word_1_115' title='bbox 591 2278 763 2333; x_wconf 74' lang='lat' dir='ltr'><strong>vadimoniis.</strong></span> 
     </span>
     <span class='ocr_line' id='line_1_22' title="bbox 231 2376 1242 2462; baseline -0.001 -19"><span class='ocrx_word' id='word_1_116' title='bbox 231 2379 261 2444; x_wconf 87' lang='lat'><strong>3.</strong></span> <span class='ocrx_word' id='word_1_117' title='bbox 297 2376 335 2442; x_wconf 88' lang='lat' dir='ltr'><strong>D.</strong></span> <span class='ocrx_word' id='word_1_118' title='bbox 354 2379 384 2460; x_wconf 77' lang='lat'><strong>2,</strong></span> <span class='ocrx_word' id='word_1_119' title='bbox 404 2378 455 2462; x_wconf 90' lang='grc'><strong>10,</strong></span> <span class='ocrx_word' id='word_1_120' title='bbox 475 2379 504 2444; x_wconf 74' lang='grc'><strong>2.</strong></span> <span class='ocrx_word' id='word_1_121' title='bbox 555 2377 673 2442; x_wconf 91' lang='lat' dir='ltr'><strong>Paulus</strong></span> <span class='ocrx_word' id='word_1_122' title='bbox 705 2378 791 2442; x_wconf 91' lang='lat' dir='ltr'><strong>libro</strong></span> <span class='ocrx_word' id='word_1_123' title='bbox 819 2382 910 2443; x_wconf 84' lang='lat' dir='ltr'><strong>sexto</strong></span> <span class='ocrx_word' id='word_1_124' title='bbox 940 2378 980 2443; x_wconf 91' lang='lat' dir='ltr'><strong>ad</strong></span> <span class='ocrx_word' id='word_1_125' title='bbox 1009 2379 1151 2444; x_wconf 88' lang='lat' dir='ltr'><strong>edictum</strong></span> <span class='ocrx_word' id='word_1_126' title='bbox 1241 2437 1242 2442; x_wconf 73' lang='grc'>,</span> 
     </span>
     <span class='ocr_line' id='line_1_23' title="bbox 141 2464 1152 2557; baseline 0 -24"><span class='ocrx_word' id='word_1_127' title='bbox 141 2466 192 2557; x_wconf 88' lang='grc' dir='ltr'><strong>(Ρ.</strong></span> <span class='ocrx_word' id='word_1_128' title='bbox 208 2465 296 2552; x_wconf 78' lang='grc'>155).</span> <span class='ocrx_word' id='word_1_129' title='bbox 319 2501 364 2514; x_wconf 91' lang='grc'>-</span> <span class='ocrx_word' id='word_1_130' title='bbox 387 2464 421 2531; x_wconf 85' lang='lat' dir='ltr'><strong>Si</strong></span> <span class='ocrx_word' id='word_1_131' title='bbox 449 2468 566 2532; x_wconf 90' lang='lat' dir='ltr'><strong>actoris</strong></span> <span class='ocrx_word' id='word_1_132' title='bbox 591 2489 701 2533; x_wconf 86' lang='lat' dir='ltr'><strong>servus</strong></span> <span class='ocrx_word' id='word_1_133' title='bbox 726 2467 856 2531; x_wconf 91' lang='lat' dir='ltr'><strong>domino</strong></span> <span class='ocrx_word' id='word_1_134' title='bbox 880 2467 1000 2532; x_wconf 87' lang='lat' dir='ltr'><strong>sciente</strong></span> <span class='ocrx_word' id='word_1_135' title='bbox 1024 2473 1152 2533; x_wconf 85' lang='lat' dir='ltr'><strong>etcum</strong></span> 
     </span>
     <span class='ocr_line' id='line_1_24' title="bbox 141 2555 1242 2643; baseline -0.001 -20"><span class='ocrx_word' id='word_1_136' title='bbox 141 2559 248 2643; x_wconf 88' lang='lat' dir='ltr'><strong>pessit</strong></span> <span class='ocrx_word' id='word_1_137' title='bbox 275 2578 341 2621; x_wconf 90' lang='lat' dir='ltr'><strong>non</strong></span> <span class='ocrx_word' id='word_1_138' title='bbox 368 2555 559 2640; x_wconf 89' lang='lat' dir='ltr'><strong>prohibente</strong></span> <span class='ocrx_word' id='word_1_139' title='bbox 587 2556 661 2620; x_wconf 94' lang='lat' dir='ltr'><strong>dolo</strong></span> <span class='ocrx_word' id='word_1_140' title='bbox 688 2555 815 2636; x_wconf 87' lang='lat' dir='ltr'><strong>fecerit,</strong></span> <span class='ocrx_word' id='word_1_141' title='bbox 843 2577 905 2639; x_wconf 93' lang='lat' dir='ltr'><strong>quo</strong></span> <span class='ocrx_word' id='word_1_142' title='bbox 933 2556 1042 2622; x_wconf 90' lang='lat' dir='ltr'><strong>minus</strong></span> <span class='ocrx_word' id='word_1_143' title='bbox 1065 2557 1150 2622; x_wconf 66' lang='lat' dir='ltr'><strong>cadi</strong></span> <span class='ocrx_word' id='word_1_144' title='bbox 1240 2573 1242 2640; x_wconf 63' lang='lat' dir='ltr'><strong>f</strong></span> 
     </span>
     <span class='ocr_line' id='line_1_25' title="bbox 141 2643 1150 2734; baseline -0.004 -21"><span class='ocrx_word' id='word_1_145' title='bbox 141 2644 299 2734; x_wconf 61' lang='lat' dir='ltr'><strong>moniam</strong></span> <span class='ocrx_word' id='word_1_146' title='bbox 322 2646 443 2728; x_wconf 87' lang='lat' dir='ltr'><strong>sistam,</strong></span> <span class='ocrx_word' id='word_1_147' title='bbox 467 2643 579 2710; x_wconf 90' lang='lat' dir='ltr'><strong>Ofilius</strong></span> <span class='ocrx_word' id='word_1_148' title='bbox 601 2643 738 2709; x_wconf 89' lang='lat' dir='ltr'><strong>dandam</strong></span> <span class='ocrx_word' id='word_1_149' title='bbox 757 2644 838 2708; x_wconf 90' lang='lat' dir='ltr'><strong>mihi</strong></span> <span class='ocrx_word' id='word_1_150' title='bbox 857 2645 1080 2728; x_wconf 85' lang='lat' dir='ltr'><strong>exceptionem</strong></span> <span class='ocrx_word' id='word_1_151' title='bbox 1098 2644 1150 2709; x_wconf 92' lang='lat' dir='ltr'><strong>ad·</strong></span> 
     </span>
     <span class='ocr_line' id='line_1_26' title="bbox 142 2732 1150 2817; baseline -0.004 -15"><span class='ocrx_word' id='word_1_152' title='bbox 142 2758 254 2802; x_wconf 82' lang='lat' dir='ltr'><strong>versus</strong></span> <span class='ocrx_word' id='word_1_153' title='bbox 273 2735 439 2801; x_wconf 90' lang='lat' dir='ltr'><strong>dominum</strong></span> <span class='ocrx_word' id='word_1_154' title='bbox 458 2734 513 2817; x_wconf 86' lang='lat' dir='ltr'><strong>ait,</strong></span> <span class='ocrx_word' id='word_1_155' title='bbox 531 2755 571 2797; x_wconf 91' lang='lat' dir='ltr'><strong>ne</strong></span> <span class='ocrx_word' id='word_1_156' title='bbox 590 2754 629 2797; x_wconf 85' lang='lat' dir='ltr'><strong>ex</strong></span> <span class='ocrx_word' id='word_1_157' title='bbox 645 2732 720 2797; x_wconf 93' lang='lat' dir='ltr'><strong>dolo</strong></span> <span class='ocrx_word' id='word_1_158' title='bbox 736 2733 820 2797; x_wconf 87' lang='lat' dir='ltr'><strong>servi</strong></span> <span class='ocrx_word' id='word_1_159' title='bbox 834 2732 984 2798; x_wconf 90' lang='lat' dir='ltr'><strong>dominus</strong></span> <span class='ocrx_word' id='word_1_160' title='bbox 1000 2735 1150 2800; x_wconf 86' lang='lat' dir='ltr'><strong>lucretur.</strong></span> 
     </span>
     <span class='ocr_line' id='line_1_27' title="bbox 142 2821 1242 2908; baseline -0.004 -18"><span class='ocrx_word' id='word_1_161' title='bbox 142 2824 171 2890; x_wconf 87' lang='lat' dir='ltr'><strong>si</strong></span> <span class='ocrx_word' id='word_1_162' title='bbox 211 2845 288 2890; x_wconf 86' lang='lat' dir='ltr'><strong>vero</strong></span> <span class='ocrx_word' id='word_1_163' title='bbox 327 2824 395 2887; x_wconf 89' lang='lat' dir='ltr'><strong>sine</strong></span> <span class='ocrx_word' id='word_1_164' title='bbox 434 2823 600 2888; x_wconf 83' lang='lat' dir='ltr'><strong>voluntate</strong></span> <span class='ocrx_word' id='word_1_165' title='bbox 633 2821 756 2886; x_wconf 90' lang='lat' dir='ltr'><strong>domini</strong></span> <span class='ocrx_word' id='word_1_166' title='bbox 789 2843 899 2886; x_wconf 87' lang='lat' dir='ltr'><strong>servus</strong></span> <span class='ocrx_word' id='word_1_167' title='bbox 936 2821 997 2887; x_wconf 89' lang='lat' dir='ltr'><strong>hoc</strong></span> <span class='ocrx_word' id='word_1_168' title='bbox 1029 2822 1151 2901; x_wconf 85' lang='lat' dir='ltr'><strong>fecerit,</strong></span> <span class='ocrx_word' id='word_1_169' title='bbox 1241 2887 1242 2908; x_wconf 29' lang='lat'>2</span> 
     </span>
     <span class='ocr_line' id='line_1_28' title="bbox 143 2910 1152 2979; baseline -0.003 -1"><span class='ocrx_word' id='word_1_170' title='bbox 143 2912 280 2979; x_wconf 85' lang='lat' dir='ltr'><strong>Sabinus</strong></span> <span class='ocrx_word' id='word_1_171' title='bbox 304 2911 420 2976; x_wconf 79' lang='lat' dir='ltr'><strong>noxale</strong></span> <span class='ocrx_word' id='word_1_172' title='bbox 442 2911 598 2975; x_wconf 85' lang='lat' dir='ltr'><strong>iudicium</strong></span> <span class='ocrx_word' id='word_1_173' title='bbox 622 2910 759 2974; x_wconf 91' lang='lat' dir='ltr'><strong>dandum</strong></span> <span class='ocrx_word' id='word_1_174' title='bbox 784 2911 830 2975; x_wconf 91' lang='lat' dir='ltr'><strong>ait</strong></span> <span class='ocrx_word' id='word_1_175' title='bbox 849 2931 908 2975; x_wconf 84' lang='lat' dir='ltr'><strong>nec</strong></span> <span class='ocrx_word' id='word_1_176' title='bbox 927 2910 1049 2976; x_wconf 85' lang='lat' dir='ltr'><strong>factum</strong></span> <span class='ocrx_word' id='word_1_177' title='bbox 1067 2911 1152 2978; x_wconf 84' lang='lat' dir='ltr'><strong>servi</strong></span> 
     </span>
     <span class='ocr_line' id='line_1_29' title="bbox 143 2998 1152 3084; baseline -0.003 -18"><span class='ocrx_word' id='word_1_178' title='bbox 143 3001 272 3066; x_wconf 91' lang='lat' dir='ltr'><strong>domino</strong></span> <span class='ocrx_word' id='word_1_179' title='bbox 306 3000 417 3064; x_wconf 88' lang='lat' dir='ltr'><strong>obesse</strong></span> <span class='ocrx_word' id='word_1_180' title='bbox 448 2998 561 3064; x_wconf 84' lang='lat' dir='ltr'><strong>debere</strong></span> <span class='ocrx_word' id='word_1_181' title='bbox 594 2999 657 3064; x_wconf 92' lang='lat' dir='ltr'><strong>nisi</strong></span> <span class='ocrx_word' id='word_1_182' title='bbox 684 2999 839 3064; x_wconf 84' lang='lat' dir='ltr'><strong>hactenus</strong></span> <span class='ocrx_word' id='word_1_183' title='bbox 866 3002 904 3063; x_wconf 91' lang='lat' dir='ltr'><strong>ut</strong></span> <span class='ocrx_word' id='word_1_184' title='bbox 932 2999 1003 3083; x_wconf 91' lang='lat' dir='ltr'><strong>ipso</strong></span> <span class='ocrx_word' id='word_1_185' title='bbox 1032 3003 1152 3084; x_wconf 80' lang='lat' dir='ltr'><strong>careat,</strong></span> 
     </span>
    </p>

    <p class='ocr_par' dir='ltr' id='par_1_10' title="bbox 141 3087 1152 3439">
     <span class='ocr_line' id='line_1_30' title="bbox 144 3087 632 3176; baseline -0.004 -21"><span class='ocrx_word' id='word_1_186' title='bbox 144 3089 270 3176; x_wconf 90' lang='lat' dir='ltr'><strong>quando</strong></span> <span class='ocrx_word' id='word_1_187' title='bbox 294 3089 362 3172; x_wconf 87' lang='lat' dir='ltr'><strong>ipse</strong></span> <span class='ocrx_word' id='word_1_188' title='bbox 386 3087 466 3152; x_wconf 93' lang='lat' dir='ltr'><strong>nihil</strong></span> <span class='ocrx_word' id='word_1_189' title='bbox 490 3087 632 3173; x_wconf 86' lang='lat' dir='ltr'><strong>deliquit.</strong></span> 
     </span>
     <span class='ocr_line' id='line_1_31' title="bbox 231 3175 1151 3262; baseline -0.002 -20"><span class='ocrx_word' id='word_1_190' title='bbox 231 3181 275 3242; x_wconf 73' lang='lat'><strong>4⁰.</strong></span> <span class='ocrx_word' id='word_1_191' title='bbox 308 3176 346 3240; x_wconf 92' lang='lat' dir='ltr'><strong>D.</strong></span> <span class='ocrx_word' id='word_1_192' title='bbox 366 3176 418 3258; x_wconf 82' lang='lat'><strong>50,</strong></span> <span class='ocrx_word' id='word_1_193' title='bbox 440 3179 490 3262; x_wconf 80' lang='lat'><strong>16,</strong></span> <span class='ocrx_word' id='word_1_194' title='bbox 510 3177 552 3242; x_wconf 89' lang='lat'><strong>14</strong></span> <span class='ocrx_word' id='word_1_195' title='bbox 563 3199 609 3261; x_wconf 88' lang='lat' dir='ltr'><strong>pr.</strong></span> <span class='ocrx_word' id='word_1_196' title='bbox 664 3175 784 3242; x_wconf 90' lang='lat' dir='ltr'><strong>Paulus</strong></span> <span class='ocrx_word' id='word_1_197' title='bbox 822 3176 906 3241; x_wconf 90' lang='lat' dir='ltr'><strong>libro</strong></span> <span class='ocrx_word' id='word_1_198' title='bbox 939 3178 1079 3262; x_wconf 89' lang='lat' dir='ltr'><strong>septimo</strong></span> <span class='ocrx_word' id='word_1_199' title='bbox 1110 3175 1151 3242; x_wconf 87' lang='lat' dir='ltr'><strong>ad</strong></span> 
     </span>
     <span class='ocr_line' id='line_1_32' title="bbox 142 3262 1151 3350; baseline -0.003 -19"><span class='ocrx_word' id='word_1_200' title='bbox 142 3267 282 3331; x_wconf 85' lang='lat' dir='ltr'><strong>edictum</strong></span> <span class='ocrx_word' id='word_1_201' title='bbox 306 3263 355 3350; x_wconf 84' lang='lat' dir='ltr'><strong>(P.</strong></span> <span class='ocrx_word' id='word_1_202' title='bbox 371 3262 459 3350; x_wconf 83' lang='lat'><strong>159).</strong></span> <span class='ocrx_word' id='word_1_203' title='bbox 485 3301 523 3312; x_wconf 92' lang='lat'><em>—</em></span> <span class='ocrx_word' id='word_1_204' title='bbox 548 3265 657 3331; x_wconf 87' lang='lat' dir='ltr'><strong>Labeo</strong></span> <span class='ocrx_word' id='word_1_205' title='bbox 681 3270 714 3330; x_wconf 87' lang='lat' dir='ltr'><strong>et</strong></span> <span class='ocrx_word' id='word_1_206' title='bbox 736 3263 876 3330; x_wconf 82' lang='lat' dir='ltr'><strong>Sabinus</strong></span> <span class='ocrx_word' id='word_1_207' title='bbox 900 3265 1098 3349; x_wconf 85' lang='lat' dir='ltr'><strong>existimant,</strong></span> <span class='ocrx_word' id='word_1_208' title='bbox 1121 3265 1151 3329; x_wconf 90' lang='lat' dir='ltr'><strong>si</strong></span> 
     </span>
     <span class='ocr_line' id='line_1_33' title="bbox 141 3354 1152 3439; baseline 0.001 -21"><span class='ocrx_word' id='word_1_209' title='bbox 141 3354 371 3418; x_wconf 83' lang='lat' dir='ltr'><strong>vestimentum</strong></span> <span class='ocrx_word' id='word_1_210' title='bbox 390 3355 526 3418; x_wconf 88' lang='lat' dir='ltr'><strong>scissum</strong></span> <span class='ocrx_word' id='word_1_211' title='bbox 544 3355 696 3418; x_wconf 88' lang='lat' dir='ltr'><strong>reddatur</strong></span> <span class='ocrx_word' id='word_1_212' title='bbox 714 3355 766 3419; x_wconf 85' lang='lat' dir='ltr'><strong>vel</strong></span> <span class='ocrx_word' id='word_1_213' title='bbox 785 3375 836 3418; x_wconf 85' lang='lat' dir='ltr'><strong>res</strong></span> <span class='ocrx_word' id='word_1_214' title='bbox 856 3357 1009 3439; x_wconf 88' lang='lat' dir='ltr'><strong>corrupta</strong></span> <span class='ocrx_word' id='word_1_215' title='bbox 1026 3354 1152 3421; x_wconf 86' lang='lat' dir='ltr'><strong>reddita</strong></span> 
     </span>
    </p>
   </div>
   <div class='ocr_carea' id='block_1_10' title="bbox 214 3523 502 3580">
    <p class='ocr_par' dir='ltr' id='par_1_11' title="bbox 214 3523 502 3580">
     <span class='ocr_line' id='line_1_34' title="bbox 214 3523 502 3580; baseline 0.021 -6"><span class='ocrx_word' id='word_1_216' title='bbox 214 3529 228 3574; x_wconf 93' lang='lat'>1</span> <span class='ocrx_word' id='word_1_217' title='bbox 249 3524 324 3579; x_wconf 76' lang='lat' dir='ltr'><strong>Trib.</strong></span> <span class='ocrx_word' id='word_1_218' title='bbox 343 3523 371 3576; x_wconf 91' lang='lat' dir='ltr'><strong>in</strong></span> <span class='ocrx_word' id='word_1_219' title='bbox 390 3523 502 3580; x_wconf 88' lang='lat' dir='ltr'><strong>iudicio.</strong></span> 
     </span>
    </p>
   </div>
   <div class='ocr_carea' id='block_1_11' title="bbox 0 0 1259 3896">
    <p class='ocr_par' dir='ltr' id='par_1_12' title="bbox 0 0 1259 3896">
     <span class='ocr_line' id='line_1_35' title="bbox 0 0 1259 3896; baseline 0 0"><span class='ocrx_word' id='word_1_220' title='bbox 0 0 1259 3896; x_wconf 95' lang='lat' dir='ltr'><strong> </strong></span> 
     </span>
    </p>
   </div>
  </div>
 </body>
</html>
