2580 3888
176 146 242 209 312
283 145 317 200 ll.
341 143 408 200 TlB.
429 142 505 200 GAII
529 143 656 200 CLAUD.
679 143 815 200 NERON.
833 145 941 201 ΤΕΜΡ.
965 145 1060 201 leals
1084 143 1186 200 CONS.

175 317 296 388 praeter
322 311 462 372 FRVGes
491 311 580 371 etiam
606 312 802 373 SVFfiinenta
827 313 1026 373 nominantur.
1071 313 1186 373 Preller

175 402 207 460 Π
223 404 348 549 89111111.
368 490 438 566 epit.
457 510 485 566 p.
508 493 579 550 117.
606 522 644 532 -
670 491 815 550 Laurenti
844 490 955 551 milites
984 491 1185 568 sequebantur

177 599 298 640 currum
323 579 551 656 triumphantis,
579 581 615 639 ut
644 580 730 656 quasi
754 580 877 659 purgati
900 599 918 639 a
941 579 1031 639 caede
1053 579 1186 640 humana

176 670 325 729 intrarent
352 668 465 728 urbem.
512 668 615 746 itaque
643 669 768 727 eandem
794 669 915 728 laurum
942 669 1080 729 omnibus
1104 671 1188 728 sufli-

176 758 308 818 tionibus
331 757 467 816 adhiberi
490 757 613 816 solitum
636 761 710 817 erat.

269 869 317 932 14.
342 866 424 931 Plin.
445 868 495 950 16,
514 866 572 950 44,
591 869 643 934 86.
667 905 708 915 -
738 918 771 933 ..
800 868 902 933 altera
929 870 1014 934 lotos
1046 869 1079 933 in
1108 867 1187 934 Vol-

177 956 292 1040 canali,
311 955 396 1042 quod
410 954 568 1021 Romulus
584 957 754 1022 constituit
772 979 810 1022 cx
830 957 964 1022 victoria
982 958 1021 1022 de
1036 958 1187 1041 decumis,

177 1067 341 1131 aequaeva
362 1043 435 1109 urbi
459 1046 672 1130 intellegitur,
695 1050 732 1110 ut
755 1048 868 1111 auctor
891 1049 941 1110 est
963 1044 1134 1112 Masurius.

175 1247 206 1305 Π
265 1157 480 1234 Fragmentum
492 1156 549 1215 hcc
568 1156 632 1215 loco
647 1156 792 1217 collocare
808 1158 906 1217 visum
924 1160 979 1216 est.
1016 1158 1052 1217 cf.
1071 1157 1188 1216 Preller

224 1248 295 1306 150.

268 1348 318 1412 15.
337 1345 626 1429 11111127.-
645 1345 915 1412 Praetereundum
938 1368 1003 1412 non
1022 1351 1082 1429 est,
1101 1347 1186 1431 quod

177 1436 217 1500 ad
249 1437 416 1501 ovationes
450 1436 578 1518 attinet,
615 1457 711 1520 super
742 1457 804 1520 quo
837 1436 1027 1501 dissensisse
1060 1439 1186 1500 veteres

176 1526 348 1608 scriptores
368 1523 500 1608 accipio.
531 1525 650 1608 partim
670 1523 756 1589 enim
772 1526 977 1608 scripserunt,
995 1522 1050 1609 qui
1065 1530 1188 1608 ovaret,

176 1615 311 1679 introire
336 1614 467 1678 solitum
491 1635 572 1698 equo
596 1614 779 1699 vehentem3
808 1619 843 1678 at
866 1612 1004 1679 Sabinus
1023 1612 1185 1678 Masurius

176 1702 309 1787 pedibus
341 1702 465 1787 ingredi
498 1708 630 1767 ovantes
664 1703 754 1784 dicit,
791 1702 998 1787 sequentibus
1031 1724 1086 1767 ecs
1120 1724 1187 1767 non

177 1791 348 1874 militibus,
372 1791 427 1856 sed
452 1792 598 1856 universo
623 1794 745 1856 senatu.

541 1983 582 2036 Ex
601 1980 715 2037 incertis
733 1981 819 2036 libris.

539 2087 584 2144 Dc
600 2089 710 2156 {lamiae
727 2088 818 2144 Diali.

269 2199 318 2262 16.
338 2196 419 2263 Gell.
436 2197 484 2276 10,
503 2196 552 2280 15,
569 2198 619 2262 17.
636 2199 685 2263 18.
702 2233 740 2245 -
757 2197 822 2263 Sub
839 2201 927 2264 tecto
942 2198 991 2264 uti
1004 2200 1116 2264 liceret
1129 2197 1190 2287 (sc.

178 2286 298 2351 flamini
313 2286 401 2350 Diali
421 2287 489 2351 sinc
508 2288 599 2369 apice
618 2283 713 2374 esse),
732 2309 796 2352 non
810 2287 935 2372 pridem
950 2311 968 2352 a
983 2288 1191 2372 pontificibus

178 2376 401 2459 constitutum,
419 2375 580 2440 Masurius
596 2373 734 2440 Sabinus
749 2376 887 2459 scripsit,
905 2382 937 2441 et
952 2377 1016 2441 alia
1031 2377 1190 2461 quaedam

178 2465 313 2529 remissa
336 2465 505 2551 gratiaque
525 2465 648 2550 aliquot
667 2464 935 2530 caerimoniarum
954 2465 1041 2530 facta
1061 2465 1191 2532 dicitur.

266 2585 395 2644 Flamini
417 2586 500 2645 Diali
527 2587 558 2644 et
586 2586 750 2646 flaminicae
778 2587 832 2646 sub
861 2582 1024 2645 Octaviano
1047 2586 1190 2664 Augusto

179 2677 210 2734 ct
224 2674 343 2734 Tiberio
361 2675 545 2752 principibus
563 2676 707 2735 nonnulla
724 2675 850 2734 remissa
868 2692 932 2734 esse
952 2676 983 2733 et
997 2673 1061 2734 Gai.
1079 2678 1189 2751 1,136

178 2767 209 2824 11
232 2764 326 2824 Tacit.
349 2783 414 2824 ann.
439 2767 468 2841 3,
484 2767 523 2824 71
548 2764 681 2824 tradunt.
727 2765 763 2823 cf.
787 2763 852 2826 aiv.
866 2766 896 2842 5,
912 2765 962 2839 52,
980 2765 1019 2823 13
1043 2767 1074 2823 11
1098 2783 1194 2840 supra

179 2853 210 2923 Q.
229 2853 356 2912 Fabium
374 2853 524 2912 Pictorem
536 2853 552 2911 I
566 2851 594 2926 pi.
611 2855 652 2912 10
663 2872 705 2929 sq.

267 2942 311 3000 De
340 2941 526 3001 caerimoniis
555 2940 645 2999 etiam
672 2941 703 3000 in
731 2941 951 3001 commentariis
980 2940 1016 3000 de
1039 2941 1194 3020 indigenis

178 3031 328 3090 Masurius
352 3030 439 3088 dixit:
463 3049 490 3089 v.
515 3047 605 3104 supra
627 3050 656 3105 p.
676 3032 749 3091 365.

270 3133 319 3197 17.
343 3131 604 3215 Ρ111.10,7,8.
628 3167 670 3178 -
693 3130 854 3197 Masurius
887 3130 1075 3215 sanqualem
1109 3133 1195 3196 ossi-

179 3221 308 3306 fragam
332 3241 401 3285 esse
425 3219 515 3303 dicit,
537 3221 733 3288 inmusulum
760 3224 867 3285 autern
895 3220 1020 3304 pullum
1051 3220 1196 3306 aquilae,

179 3309 369 3394 priusquam
393 3307 508 3372 albicet
531 3309 641 3373 cauda.

268 3418 482 3496 Fragmentum
505 3417 598 3493 priori
622 3419 729 3494 adieci,
753 3420 833 3496 quod
858 3421 960 3498 aquila
979 3420 1061 3482 Iovis
1080 3421 1197 3481 nuntia

182 3503 356 3565 habebatur.
