2512 3888
156 167 225 231 464
264 167 297 222 Il.
323 165 390 222 TIB.
414 163 489 220 GAII
511 163 640 220 GLAUD.
663 162 799 221 NERON.
816 163 923 220 ΤΕΜΡ.
941 163 1038 220 lueis
1062 163 1169 222 CONS.

157 331 191 394 iu
214 349 314 393 annos
338 328 486 414 singulos
510 325 605 393 dato'.
642 348 705 412 quo
725 349 808 392 anno
826 332 939 392 natum
957 348 1021 393 non
1041 327 1167 406 fuisset

158 439 197 482 ex
225 417 388 501 superiore
416 437 499 481 anno
528 416 597 480 eins
624 414 813 481 fundicum
836 437 1005 480 numerum
1029 417 1168 500 ampho-

158 527 266 570 rarum
289 505 441 570 heredem
464 506 612 570 daturum
638 501 775 570 Sabinus
798 504 970 570 existimat

484 688 531 746 De
553 689 718 748 liberatione
741 689 841 762 lecolo.

246 812 281 872 lu
308 813 454 873 librorum
481 813 520 870 ad
543 811 686 872 Sabinum
712 811 889 889 fragmentis
917 811 954 870 de
986 811 1166 873 liberatione

158 902 261 980 legata
296 901 446 961 disserunt
476 900 658 977 Pomponius
690 900 723 959 P.
748 901 922 960 tot—509
955 903 986 959 et
1017 899 1167 977 Ulpianus

157 991 189 1051 P.
205 991 431 1052 aete-2657.
477 988 566 1048 Pauli
588 989 758 1066 fragmenta
778 1007 838 1047 uon
861 991 989 1048 exstant.

247 1074 300 1138 ‘Ua
324 1079 447 1155 atheim,
470 1079 536 1138 dala
559 1097 594 1136 zu
618 1077 755 1137 Sabinus‘
776 1077 878 1136 Zeiten
896 1077 944 1136 die
963 1077 1166 1156 Zultssigkeit

157 1170 210 1228 dea
228 1167 532 1243 Liberatiouslegates
553 1167 630 1226 noch
652 1167 813 1226 bestritten
835 1184 898 1224 war
916 1165 977 1225 und
995 1165 1062 1225 dats
1081 1165 1166 1226 Sabi·

157 1277 214 1318 nus
246 1257 309 1316 dies
337 1256 497 1316 erwtthnta.
523 1255 664 1334 „Darauf
691 1255 780 1314 deute
806 1254 855 1313 ioh
882 1254 940 1313 dan
966 1254 1084 1330 Begiun
1115 1256 1165 1314 dar

157 1347 343 1422 Erbrterung
364 1343 491 1420 Ulpians
509 1344 541 1404 in
563 1343 599 1403 D.
614 1346 666 1422 34,
681 1347 710 1419 3,
726 1346 796 1420 3pr.
820 1342 853 1404 P.
869 1344 968 1403 2653:
996 1343 1164 1404 Liberatio-

157 1453 225 1494 nem
240 1433 383 1493 debitoris
397 1451 485 1510 posse
502 1432 600 1509 legari
614 1433 675 1492 iam
689 1433 804 1492 certum
822 1425 888 1493 est'.
902 1431 995 1491 Lsnel
1007 1432 1027 1492 l.
1038 1449 1064 1493 o.
1073 1453 1102 1508 p.
1114 1435 1163 1494 50.

473 1611 520 1670 De
540 1612 642 1685 repeto
664 1607 848 1670 Catoniana?

244 1736 289 1796 Ds
311 1735 417 1814 regula
440 1733 606 1794 Catoniana
627 1755 655 1796 v.
679 1752 771 1811 supra
793 1733 808 1793 I
826 1754 855 1810 p.
871 1735 921 1794 20.

244 1824 341 1884 Unius
364 1823 487 1900 Ulpiani
514 1823 683 1901 fragmenta
710 1822 829 1882 olibrio
848 1823 886 1882 ed
906 1821 1050 1883 Sabinum
1069 1824 1166 1900 petita

157 1914 194 1973 de
216 1915 272 1973 hac
294 1912 401 1990 regula
424 1916 495 1972 sunt
516 1911 548 1971 P.
564 1913 792 1973 neec—2665.

359 2090 406 2148 De
427 2089 509 2148 libris
532 2089 639 2148 chortis
661 2090 832 2150 bibliothecis
855 2091 964 2164 tepetis.

244 2212 289 2271 De
317 2211 401 2270 libris
429 2211 538 2288 legatis
566 2212 646 2288 apud
672 2213 787 2289 priores
813 2213 890 2272 nihil
916 2213 1078 2274 invenitur.
1130 2215 1165 2275 de

158 2300 339 2361 bibliotheca
365 2301 466 2377 legata
495 2299 571 2360 dixit
596 2300 697 2361 Nerva
721 2293 766 2383 (Π
784 2323 812 2378 p.
827 2295 915 2383 303).
959 2303 992 2361 iu
1019 2302 1166 2362 librorum

158 2390 197 2450 ad
225 2389 368 2448 Sabinum
394 2388 570 2467 fragmentis
597 2409 693 2468 neque
719 2390 902 2467 Pomponius
929 2410 1024 2468 neque
1052 2391 1166 2452 Paulus

159 2479 194 2540 de
216 2478 264 2538 his
286 2477 375 2538 rebus
398 2478 531 2552 disserit,
556 2480 608 2539 sad
630 2481 749 2540 tautum
772 2478 921 2555 Ulpianus
943 2479 977 2540 P.
993 2481 1089 2542 2661.

245 2598 316 2664 46⁸.
338 2595 378 2662 D.
392 2598 445 2682 32,
459 2598 511 2680 52,
525 2599 555 2663 3.
583 2596 743 2683 Ulpianus
766 2598 849 2664 libro
872 2599 1022 2664 vicesimo
1049 2605 1165 2685 quarto

159 2687 198 2753 ad
217 2685 372 2751 Sabinum
390 2683 440 2773 (P.
455 2685 566 2772 2661).
586 2723 628 2734 -
647 2686 777 2751 Libris.
793 2739 799 2752 .
818 2687 934 2772 legetis
954 2688 1166 2754 bibliothecas

158 2798 223 2841 nou
246 2777 401 2841 contineri
425 2774 563 2840 Sabinus
587 2776 708 2840 scribit.

244 2861 312 2930 46¹³.
343 2862 383 2928 D.
400 2865 476 2928 ibid.
495 2867 515 2944 ὅ
536 2865 565 2928 7.
592 2899 628 2910 -
748 2865 861 2930 scribit
893 2863 1033 2930 Sabinus
1062 2866 1165 2932 libros

158 2952 387 3018 bibliothecam
410 2974 476 3016 non
500 2951 599 3035 sequi.

386 3135 499 3208 Lepoto
521 3136 759 3208 quemadmodum
781 3138 938 3197 solvantur.

245 3257 290 3317 De
304 3258 360 3317 hac
374 3277 406 3317 re
421 3250 472 3335 (cf.
488 3276 578 3333 supra
590 3279 618 3334 p.
634 3252 715 3340 440)
730 3259 871 3320 videntur
889 3262 921 3321 iu
938 3261 1024 3321 libris
1043 3262 1084 3322 ad
1097 3262 1167 3324 snb.

157 3343 253 3404 dicere
268 3345 353 3405 Paul.
363 3345 394 3407 P.
407 3347 501 3406 1683.
512 3348 607 3424 1684,
621 3346 689 3423 Ulp.
704 3348 737 3409 Ρ.
748 3350 975 3411 aete—2670.
1008 3350 1167 3427 Pomponii

157 3430 325 3506 fragmenta
331 3436 510 3494 nonaxtant.
526 3434 618 3494 Lenel
626 3435 645 3494 l.
653 3453 676 3496 c.
684 3457 712 3512 p.
721 3438 761 3496 51
772 3439 911 3514 explicat:
924 3432 1001 3499 ‘Den
1009 3437 1166 3501 Commen-

158 3517 276 3576 tatoreu
294 3521 413 3582 werden
431 3522 508 3582 auch
526 3521 592 3582 hier
608 3542 667 3585 von
681 3523 809 3584 Sabinus
824 3528 1033 3589 entechiedeue
1046 3529 1167 3592 Eiuzal·
