<?xml version="1.0" encoding="UTF-8"?>
<!DOCTYPE html PUBLIC "-//W3C//DTD XHTML 1.0 Transitional//EN"
    "http://www.w3.org/TR/xhtml1/DTD/xhtml1-transitional.dtd">
<html xmlns="http://www.w3.org/1999/xhtml" xml:lang="en" lang="en">
 <head>
  <title>
</title>
<meta http-equiv="Content-Type" content="text/html;charset=utf-8" />
  <meta name='ocr-system' content='tesseract 3.04.00' />
  <meta name='ocr-capabilities' content='ocr_page ocr_carea ocr_par ocr_line ocrx_word'/>
</head>
<body>
  <div class='ocr_page' id='page_1' title='image "./iurisprudentiae04bremgoog_0385.png"; bbox 0 0 2512 3888; ppageno 0'>
   <div class='ocr_carea' id='block_1_1' title="bbox 412 185 1122 252">
    <p class='ocr_par' dir='ltr' id='par_1_1' title="bbox 412 185 1122 252">
     <span class='ocr_line' id='line_1_1' title="bbox 412 185 1122 252; baseline 0.013 -11"><span class='ocrx_word' id='word_1_1' title='bbox 412 192 438 242; x_wconf 90' lang='grc'><strong>2.</strong></span> <span class='ocrx_word' id='word_1_2' title='bbox 463 185 646 242; x_wconf 83' lang='lat' dir='ltr'>MASURIUS</span> <span class='ocrx_word' id='word_1_3' title='bbox 665 185 820 245; x_wconf 76' lang='lat' dir='ltr'>SABINUS</span> <span class='ocrx_word' id='word_1_4' title='bbox 1056 185 1122 252; x_wconf 79' lang='lat'><strong>395</strong></span> 
     </span>
    </p>
   </div>
   <div class='ocr_carea' id='block_1_2' title="bbox 104 353 1123 3636">
    <p class='ocr_par' dir='ltr' id='par_1_2' title="bbox 104 353 1123 2733">
     <span class='ocr_line' id='line_1_2' title="bbox 111 353 1122 432; baseline -0.003 -14"><span class='ocrx_word' id='word_1_5' title='bbox 111 355 247 418; x_wconf 86' lang='lat' dir='ltr'><strong>ediderat</strong></span> <span class='ocrx_word' id='word_1_6' title='bbox 285 356 353 415; x_wconf 87' lang='lat' dir='ltr'><strong>tum</strong></span> <span class='ocrx_word' id='word_1_7' title='bbox 389 353 572 430; x_wconf 79' lang='lat' dir='ltr'><strong>Papinianus</strong></span> <span class='ocrx_word' id='word_1_8' title='bbox 613 371 731 432; x_wconf 91' lang='lat' dir='ltr'><strong>quoque</strong></span> <span class='ocrx_word' id='word_1_9' title='bbox 767 355 988 431; x_wconf 86' lang='lat' dir='ltr'><strong>Responsorum</strong></span> <span class='ocrx_word' id='word_1_10' title='bbox 1027 354 1122 415; x_wconf 85' lang='lat' dir='ltr'><strong>libros</strong></span> 
     </span>
     <span class='ocr_line' id='line_1_3' title="bbox 110 441 1121 521; baseline -0.003 -15"><span class='ocrx_word' id='word_1_11' title='bbox 110 443 323 519; x_wconf 73' lang='lat' dir='ltr'>conscribebat,</span> <span class='ocrx_word' id='word_1_12' title='bbox 347 443 483 503; x_wconf 86' lang='lat' dir='ltr'><strong>Paulus</strong></span> <span class='ocrx_word' id='word_1_13' title='bbox 507 442 545 501; x_wconf 89' lang='lat' dir='ltr'><strong>ad</strong></span> <span class='ocrx_word' id='word_1_14' title='bbox 569 441 712 504; x_wconf 82' lang='lat' dir='ltr'><strong>Sabinum</strong></span> <span class='ocrx_word' id='word_1_15' title='bbox 734 444 828 504; x_wconf 90' lang='lat' dir='ltr'><strong>libros</strong></span> <span class='ocrx_word' id='word_1_16' title='bbox 850 445 921 504; x_wconf 88' lang='lat' dir='ltr'><strong>XVI</strong></span> <span class='ocrx_word' id='word_1_17' title='bbox 945 443 1121 521; x_wconf 77' lang='lat' dir='ltr'><strong>composuit,</strong></span> 
     </span>
     <span class='ocr_line' id='line_1_4' title="bbox 108 528 1122 610; baseline -0.002 -16"><span class='ocrx_word' id='word_1_18' title='bbox 108 536 141 594; x_wconf 93' lang='lat' dir='ltr'><strong>in</strong></span> <span class='ocrx_word' id='word_1_19' title='bbox 182 533 291 610; x_wconf 90' lang='lat' dir='ltr'><strong>quibus</strong></span> <span class='ocrx_word' id='word_1_20' title='bbox 333 535 364 592; x_wconf 85' lang='lat' dir='ltr'><strong>et</strong></span> <span class='ocrx_word' id='word_1_21' title='bbox 398 530 556 606; x_wconf 89' lang='lat' dir='ltr'><strong>Pomponii</strong></span> <span class='ocrx_word' id='word_1_22' title='bbox 591 528 677 590; x_wconf 90' lang='lat' dir='ltr'><strong>libris</strong></span> <span class='ocrx_word' id='word_1_23' title='bbox 712 531 751 592; x_wconf 93' lang='lat' dir='ltr'><strong>ad</strong></span> <span class='ocrx_word' id='word_1_24' title='bbox 788 531 930 594; x_wconf 85' lang='lat' dir='ltr'><strong>Sabinum</strong></span> <span class='ocrx_word' id='word_1_25' title='bbox 965 551 1037 593; x_wconf 90' lang='lat' dir='ltr'><strong>usus</strong></span> <span class='ocrx_word' id='word_1_26' title='bbox 1075 536 1122 593; x_wconf 90' lang='lat' dir='ltr'><strong>est</strong></span> 
     </span>
     <span class='ocr_line' id='line_1_5' title="bbox 109 613 1122 705; baseline -0.001 -24"><span class='ocrx_word' id='word_1_27' title='bbox 109 615 202 705; x_wconf 90' lang='lat' dir='ltr'><strong>(libro</strong></span> <span class='ocrx_word' id='word_1_28' title='bbox 228 621 273 680; x_wconf 90' lang='lat' dir='ltr'><strong>IV</strong></span> <span class='ocrx_word' id='word_1_29' title='bbox 295 620 326 681; x_wconf 94' lang='lat' dir='ltr'><strong>P.</strong></span> <span class='ocrx_word' id='word_1_30' title='bbox 352 622 451 681; x_wconf 77' lang='lat'>1676:</span> <span class='ocrx_word' id='word_1_31' title='bbox 479 613 522 678; x_wconf 74' lang='lat' dir='ltr'><strong>‘et</strong></span> <span class='ocrx_word' id='word_1_32' title='bbox 548 619 592 678; x_wconf 85' lang='lat' dir='ltr'><strong>its</strong></span> <span class='ocrx_word' id='word_1_33' title='bbox 619 622 651 679; x_wconf 94' lang='lat' dir='ltr'><strong>et</strong></span> <span class='ocrx_word' id='word_1_34' title='bbox 672 619 854 697; x_wconf 84' lang='lat' dir='ltr'><strong>Pomponius</strong></span> <span class='ocrx_word' id='word_1_35' title='bbox 876 622 953 681; x_wconf 87' lang='lat' dir='ltr'><strong>libro</strong></span> <span class='ocrx_word' id='word_1_36' title='bbox 976 625 1059 682; x_wconf 86' lang='lat' dir='ltr'><strong>sexto</strong></span> <span class='ocrx_word' id='word_1_37' title='bbox 1082 622 1122 681; x_wconf 94' lang='lat' dir='ltr'><strong>ad</strong></span> 
     </span>
     <span class='ocr_line' id='line_1_6' title="bbox 111 701 1122 791; baseline 0 -20"><span class='ocrx_word' id='word_1_38' title='bbox 111 711 255 772; x_wconf 85' lang='lat' dir='ltr'><strong>Sabinum</strong></span> <span class='ocrx_word' id='word_1_39' title='bbox 278 701 409 791; x_wconf 86' lang='lat' dir='ltr'><strong>scribit’)</strong></span> <span class='ocrx_word' id='word_1_40' title='bbox 431 712 462 771; x_wconf 87' lang='lat' dir='ltr'><strong>et</strong></span> <span class='ocrx_word' id='word_1_41' title='bbox 486 708 648 769; x_wconf 85' lang='lat' dir='ltr'><strong>Scaevolae</strong></span> <span class='ocrx_word' id='word_1_42' title='bbox 672 708 757 771; x_wconf 91' lang='lat' dir='ltr'><strong>libris</strong></span> <span class='ocrx_word' id='word_1_43' title='bbox 781 703 873 791; x_wconf 89' lang='lat' dir='ltr'><strong>(libro</strong></span> <span class='ocrx_word' id='word_1_44' title='bbox 896 709 956 769; x_wconf 92' lang='lat' dir='ltr'><strong>VII</strong></span> <span class='ocrx_word' id='word_1_45' title='bbox 977 710 1010 770; x_wconf 92' lang='lat' dir='ltr'><strong>P.</strong></span> <span class='ocrx_word' id='word_1_46' title='bbox 1035 712 1122 771; x_wconf 99' lang='grc'><strong>1760</strong></span> 
     </span>
     <span class='ocr_line' id='line_1_7' title="bbox 109 791 1121 881; baseline -0.002 -21"><span class='ocrx_word' id='word_1_47' title='bbox 109 795 155 860; x_wconf 71' lang='lat' dir='ltr'><strong>‘et</strong></span> <span class='ocrx_word' id='word_1_48' title='bbox 174 800 219 859; x_wconf 88' lang='lat' dir='ltr'><strong>ita</strong></span> <span class='ocrx_word' id='word_1_49' title='bbox 237 798 398 860; x_wconf 84' lang='lat' dir='ltr'><strong>Scaevolae</strong></span> <span class='ocrx_word' id='word_1_50' title='bbox 421 816 540 876; x_wconf 91' lang='lat' dir='ltr'><strong>quoque</strong></span> <span class='ocrx_word' id='word_1_51' title='bbox 557 799 661 858; x_wconf 88' lang='lat' dir='ltr'><strong>nostro</strong></span> <span class='ocrx_word' id='word_1_52' title='bbox 679 799 778 859; x_wconf 80' lang='lat' dir='ltr'><strong>visum</strong></span> <span class='ocrx_word' id='word_1_53' title='bbox 802 791 883 881; x_wconf 85' lang='lat' dir='ltr'><strong>est&#39;).</strong></span> <span class='ocrx_word' id='word_1_54' title='bbox 911 799 943 858; x_wconf 93' lang='lat' dir='ltr'><strong>in</strong></span> <span class='ocrx_word' id='word_1_55' title='bbox 961 797 1121 860; x_wconf 84' lang='lat' dir='ltr'><strong>Scaevolae</strong></span> 
     </span>
     <span class='ocr_line' id='line_1_8' title="bbox 108 884 1122 965; baseline -0.001 -16"><span class='ocrx_word' id='word_1_56' title='bbox 108 891 238 965; x_wconf 86' lang='lat' dir='ltr'><strong>utroque</strong></span> <span class='ocrx_word' id='word_1_57' title='bbox 252 907 340 965; x_wconf 85' lang='lat' dir='ltr'><strong>opere</strong></span> <span class='ocrx_word' id='word_1_58' title='bbox 355 887 494 947; x_wconf 88' lang='lat' dir='ltr'><strong>similiter</strong></span> <span class='ocrx_word' id='word_1_59' title='bbox 507 890 598 964; x_wconf 88' lang='lat' dir='ltr'><strong>atque</strong></span> <span class='ocrx_word' id='word_1_60' title='bbox 611 884 644 945; x_wconf 90' lang='lat' dir='ltr'><strong>in</strong></span> <span class='ocrx_word' id='word_1_61' title='bbox 658 885 738 947; x_wconf 78' lang='lat' dir='ltr'><strong>Celsi</strong></span> <span class='ocrx_word' id='word_1_62' title='bbox 747 886 918 964; x_wconf 89' lang='lat' dir='ltr'><strong>Iuliauique</strong></span> <span class='ocrx_word' id='word_1_63' title='bbox 929 886 1122 964; x_wconf 72' lang='lat' dir='ltr'><strong>Digestorum</strong></span> 
     </span>
     <span class='ocr_line' id='line_1_9' title="bbox 109 973 1121 1054; baseline -0.001 -17"><span class='ocrx_word' id='word_1_64' title='bbox 109 976 195 1037; x_wconf 88' lang='lat' dir='ltr'><strong>libris</strong></span> <span class='ocrx_word' id='word_1_65' title='bbox 218 980 249 1037; x_wconf 92' lang='lat' dir='ltr'><strong>et</strong></span> <span class='ocrx_word' id='word_1_66' title='bbox 270 976 318 1038; x_wconf 89' lang='lat' dir='ltr'><strong>ius</strong></span> <span class='ocrx_word' id='word_1_67' title='bbox 340 977 534 1038; x_wconf 87' lang='lat' dir='ltr'><strong>honorarium</strong></span> <span class='ocrx_word' id='word_1_68' title='bbox 557 973 653 1036; x_wconf 89' lang='lat' dir='ltr'><strong>etius</strong></span> <span class='ocrx_word' id='word_1_69' title='bbox 672 975 759 1038; x_wconf 83' lang='lat' dir='ltr'><strong>civile</strong></span> <span class='ocrx_word' id='word_1_70' title='bbox 778 977 823 1038; x_wconf 91' lang='lat' dir='ltr'><strong>ita</strong></span> <span class='ocrx_word' id='word_1_71' title='bbox 840 975 1028 1053; x_wconf 90' lang='lat' dir='ltr'><strong>propositum</strong></span> <span class='ocrx_word' id='word_1_72' title='bbox 1047 979 1121 1054; x_wconf 84' lang='lat' dir='ltr'><strong>erat,</strong></span> 
     </span>
     <span class='ocr_line' id='line_1_10' title="bbox 110 1064 1122 1144; baseline -0.003 -16"><span class='ocrx_word' id='word_1_73' title='bbox 110 1071 145 1128; x_wconf 91' lang='lat' dir='ltr'><strong>ut</strong></span> <span class='ocrx_word' id='word_1_74' title='bbox 164 1065 200 1126; x_wconf 89' lang='lat' dir='ltr'><strong>de</strong></span> <span class='ocrx_word' id='word_1_75' title='bbox 217 1066 271 1126; x_wconf 91' lang='lat' dir='ltr'><strong>illo</strong></span> <span class='ocrx_word' id='word_1_76' title='bbox 289 1065 388 1143; x_wconf 90' lang='lat' dir='ltr'><strong>priore</strong></span> <span class='ocrx_word' id='word_1_77' title='bbox 406 1068 501 1143; x_wconf 85' lang='lat' dir='ltr'><strong>parte,</strong></span> <span class='ocrx_word' id='word_1_78' title='bbox 520 1065 557 1125; x_wconf 86' lang='lat' dir='ltr'><strong>de</strong></span> <span class='ocrx_word' id='word_1_79' title='bbox 575 1065 631 1125; x_wconf 91' lang='lat' dir='ltr'><strong>hoc</strong></span> <span class='ocrx_word' id='word_1_80' title='bbox 649 1066 747 1126; x_wconf 86' lang='lat' dir='ltr'><strong>altere</strong></span> <span class='ocrx_word' id='word_1_81' title='bbox 765 1069 915 1144; x_wconf 78' lang='lat' dir='ltr'><strong>ageretur.</strong></span> <span class='ocrx_word' id='word_1_82' title='bbox 956 1068 989 1125; x_wconf 91' lang='lat' dir='ltr'><strong>at</strong></span> <span class='ocrx_word' id='word_1_83' title='bbox 1008 1064 1122 1125; x_wconf 86' lang='lat' dir='ltr'><strong>Paulus</strong></span> 
     </span>
     <span class='ocr_line' id='line_1_11' title="bbox 108 1153 1122 1232; baseline -0.003 -17"><span class='ocrx_word' id='word_1_84' title='bbox 108 1157 141 1215; x_wconf 93' lang='lat' dir='ltr'><strong>in</strong></span> <span class='ocrx_word' id='word_1_85' title='bbox 168 1154 252 1215; x_wconf 91' lang='lat' dir='ltr'><strong>libris</strong></span> <span class='ocrx_word' id='word_1_86' title='bbox 274 1154 314 1214; x_wconf 91' lang='lat' dir='ltr'><strong>ad</strong></span> <span class='ocrx_word' id='word_1_87' title='bbox 337 1154 480 1214; x_wconf 81' lang='lat' dir='ltr'><strong>Sabinum</strong></span> <span class='ocrx_word' id='word_1_88' title='bbox 505 1154 553 1214; x_wconf 91' lang='lat' dir='ltr'><strong>ius</strong></span> <span class='ocrx_word' id='word_1_89' title='bbox 574 1153 711 1230; x_wconf 77' lang='lat' dir='ltr'><strong>inprimis</strong></span> <span class='ocrx_word' id='word_1_90' title='bbox 735 1154 823 1215; x_wconf 87' lang='lat' dir='ltr'><strong>civile</strong></span> <span class='ocrx_word' id='word_1_91' title='bbox 846 1155 891 1216; x_wconf 91' lang='lat' dir='ltr'><strong>ita</strong></span> <span class='ocrx_word' id='word_1_92' title='bbox 913 1153 1122 1232; x_wconf 82' lang='lat' dir='ltr'><strong>explicandum</strong></span> 
     </span>
     <span class='ocr_line' id='line_1_12' title="bbox 109 1241 1122 1322; baseline -0.004 -16"><span class='ocrx_word' id='word_1_93' title='bbox 109 1245 170 1306; x_wconf 90' lang='lat' dir='ltr'><strong>sibi</strong></span> <span class='ocrx_word' id='word_1_94' title='bbox 200 1244 367 1321; x_wconf 73' lang='lat' dir='ltr'><strong>proposuit,</strong></span> <span class='ocrx_word' id='word_1_95' title='bbox 399 1245 436 1303; x_wconf 91' lang='lat' dir='ltr'><strong>ut</strong></span> <span class='ocrx_word' id='word_1_96' title='bbox 466 1241 542 1302; x_wconf 89' lang='lat' dir='ltr'><strong>iuris</strong></span> <span class='ocrx_word' id='word_1_97' title='bbox 574 1242 726 1304; x_wconf 80' lang='lat' dir='ltr'><strong>honorarii</strong></span> <span class='ocrx_word' id='word_1_98' title='bbox 756 1244 946 1322; x_wconf 84' lang='lat' dir='ltr'><strong>aliquatenus</strong></span> <span class='ocrx_word' id='word_1_99' title='bbox 974 1243 1122 1304; x_wconf 86' lang='lat' dir='ltr'><strong>rationem</strong></span> 
     </span>
     <span class='ocr_line' id='line_1_13' title="bbox 108 1331 1123 1410; baseline -0.001 -17"><span class='ocrx_word' id='word_1_100' title='bbox 108 1333 242 1394; x_wconf 87' lang='lat' dir='ltr'><strong>haberet.</strong></span> <span class='ocrx_word' id='word_1_101' title='bbox 287 1331 388 1408; x_wconf 86' lang='lat' dir='ltr'><strong>itaquo</strong></span> <span class='ocrx_word' id='word_1_102' title='bbox 417 1332 453 1392; x_wconf 94' lang='lat' dir='ltr'><strong>de</strong></span> <span class='ocrx_word' id='word_1_103' title='bbox 475 1331 593 1410; x_wconf 82' lang='lat' dir='ltr'><strong>legibus</strong></span> <span class='ocrx_word' id='word_1_104' title='bbox 616 1331 706 1409; x_wconf 82' lang='lat' dir='ltr'><strong>dixit,</strong></span> <span class='ocrx_word' id='word_1_105' title='bbox 730 1332 845 1393; x_wconf 91' lang='lat' dir='ltr'><strong>scilicet</strong></span> <span class='ocrx_word' id='word_1_106' title='bbox 867 1332 905 1392; x_wconf 91' lang='lat' dir='ltr'><strong>de</strong></span> <span class='ocrx_word' id='word_1_107' title='bbox 926 1331 986 1391; x_wconf 89' lang='lat' dir='ltr'><strong>XII</strong></span> <span class='ocrx_word' id='word_1_108' title='bbox 1008 1331 1123 1392; x_wconf 83' lang='lat' dir='ltr'><strong>tabulis</strong></span> 
     </span>
     <span class='ocr_line' id='line_1_14' title="bbox 109 1413 1123 1504; baseline 0.001 -22"><span class='ocrx_word' id='word_1_109' title='bbox 109 1416 157 1504; x_wconf 93' lang='lat' dir='ltr'><strong>(P.</strong></span> <span class='ocrx_word' id='word_1_110' title='bbox 178 1421 272 1481; x_wconf 88' lang='grc'>1866.</span> <span class='ocrx_word' id='word_1_111' title='bbox 294 1415 407 1496; x_wconf 94' lang='grc'><strong>1890),</strong></span> <span class='ocrx_word' id='word_1_112' title='bbox 432 1420 469 1480; x_wconf 83' lang='grc'><strong>10</strong></span> <span class='ocrx_word' id='word_1_113' title='bbox 492 1420 560 1498; x_wconf 82' lang='lat' dir='ltr'><strong>lege</strong></span> <span class='ocrx_word' id='word_1_114' title='bbox 581 1421 705 1496; x_wconf 84' lang='lat' dir='ltr'><strong>Aquilia</strong></span> <span class='ocrx_word' id='word_1_115' title='bbox 727 1413 775 1501; x_wconf 86' lang='lat' dir='ltr'><strong>(P.</strong></span> <span class='ocrx_word' id='word_1_116' title='bbox 796 1423 1006 1483; x_wconf 85' lang='grc'><strong>17951804.</strong></span> <span class='ocrx_word' id='word_1_117' title='bbox 1027 1422 1123 1483; x_wconf 87' lang='grc'><strong>1805.</strong></span> 
     </span>
     <span class='ocr_line' id='line_1_15' title="bbox 112 1500 1123 1592; baseline 0 -21"><span class='ocrx_word' id='word_1_118' title='bbox 112 1512 206 1571; x_wconf 93' lang='grc'><strong>1806.</strong></span> <span class='ocrx_word' id='word_1_119' title='bbox 224 1509 331 1569; x_wconf 54' lang='grc'><strong>18071</strong></span> <span class='ocrx_word' id='word_1_120' title='bbox 347 1503 457 1586; x_wconf 93' lang='grc'><strong>1809),</strong></span> <span class='ocrx_word' id='word_1_121' title='bbox 475 1508 570 1568; x_wconf 77' lang='lat' dir='ltr'><strong>Fabia</strong></span> <span class='ocrx_word' id='word_1_122' title='bbox 588 1500 635 1588; x_wconf 94' lang='lat' dir='ltr'><strong>(P.</strong></span> <span class='ocrx_word' id='word_1_123' title='bbox 656 1502 766 1591; x_wconf 89' lang='grc'><strong>1741),</strong></span> <span class='ocrx_word' id='word_1_124' title='bbox 787 1509 927 1570; x_wconf 79' lang='lat' dir='ltr'><strong>Cornelia</strong></span> <span class='ocrx_word' id='word_1_125' title='bbox 943 1506 990 1587; x_wconf 91' lang='lat' dir='ltr'><strong>(P.</strong></span> <span class='ocrx_word' id='word_1_126' title='bbox 1012 1504 1123 1592; x_wconf 89' lang='grc'><strong>1634),</strong></span> 
     </span>
     <span class='ocr_line' id='line_1_16' title="bbox 109 1587 1123 1678; baseline 0.001 -20"><span class='ocrx_word' id='word_1_127' title='bbox 109 1597 244 1659; x_wconf 81' lang='lat' dir='ltr'><strong>Falcidia</strong></span> <span class='ocrx_word' id='word_1_128' title='bbox 271 1591 318 1678; x_wconf 92' lang='lat' dir='ltr'><strong>(P.</strong></span> <span class='ocrx_word' id='word_1_129' title='bbox 345 1587 459 1678; x_wconf 87' lang='grc'><strong>1639),</strong></span> <span class='ocrx_word' id='word_1_130' title='bbox 491 1596 568 1656; x_wconf 86' lang='lat' dir='ltr'><strong>Iulia</strong></span> <span class='ocrx_word' id='word_1_131' title='bbox 597 1596 634 1655; x_wconf 90' lang='lat' dir='ltr'><strong>de</strong></span> <span class='ocrx_word' id='word_1_132' title='bbox 661 1597 790 1657; x_wconf 85' lang='lat' dir='ltr'><strong>residuis</strong></span> <span class='ocrx_word' id='word_1_133' title='bbox 816 1595 862 1677; x_wconf 95' lang='lat' dir='ltr'><strong>(P.</strong></span> <span class='ocrx_word' id='word_1_134' title='bbox 888 1591 1003 1678; x_wconf 88' lang='grc'><strong>1835),</strong></span> <span class='ocrx_word' id='word_1_135' title='bbox 1035 1597 1123 1660; x_wconf 80' lang='lat' dir='ltr'><strong>Aelia</strong></span> 
     </span>
     <span class='ocr_line' id='line_1_17' title="bbox 109 1679 1123 1768; baseline 0.004 -22"><span class='ocrx_word' id='word_1_136' title='bbox 109 1686 214 1747; x_wconf 85' lang='lat' dir='ltr'><strong>Sentis</strong></span> <span class='ocrx_word' id='word_1_137' title='bbox 237 1679 283 1764; x_wconf 92' lang='lat' dir='ltr'><strong>(P.</strong></span> <span class='ocrx_word' id='word_1_138' title='bbox 305 1680 418 1764; x_wconf 87' lang='grc'><strong>1695),</strong></span> <span class='ocrx_word' id='word_1_139' title='bbox 446 1684 483 1744; x_wconf 95' lang='lat' dir='ltr'><strong>de</strong></span> <span class='ocrx_word' id='word_1_140' title='bbox 510 1687 631 1746; x_wconf 77' lang='lat' dir='ltr'><strong>senatus</strong></span> <span class='ocrx_word' id='word_1_141' title='bbox 659 1687 803 1746; x_wconf 89' lang='lat' dir='ltr'><strong>consultis</strong></span> <span class='ocrx_word' id='word_1_142' title='bbox 830 1681 876 1768; x_wconf 93' lang='lat' dir='ltr'><strong>(P.</strong></span> <span class='ocrx_word' id='word_1_143' title='bbox 897 1689 1005 1749; x_wconf 74' lang='lat'>16380.</span> <span class='ocrx_word' id='word_1_144' title='bbox 1027 1689 1123 1750; x_wconf 90' lang='grc'><strong>1654.</strong></span> 
     </span>
     <span class='ocr_line' id='line_1_18' title="bbox 112 1766 1122 1858; baseline 0 -21"><span class='ocrx_word' id='word_1_145' title='bbox 112 1778 207 1837; x_wconf 88' lang='grc'><strong>1741.</strong></span> <span class='ocrx_word' id='word_1_146' title='bbox 228 1769 342 1852; x_wconf 87' lang='grc'><strong>1781),</strong></span> <span class='ocrx_word' id='word_1_147' title='bbox 365 1773 402 1834; x_wconf 91' lang='lat' dir='ltr'><strong>de</strong></span> <span class='ocrx_word' id='word_1_148' title='bbox 423 1773 577 1851; x_wconf 78' lang='lat' dir='ltr'><strong>rescriptis</strong></span> <span class='ocrx_word' id='word_1_149' title='bbox 601 1766 648 1855; x_wconf 88' lang='lat' dir='ltr'><strong>(P.</strong></span> <span class='ocrx_word' id='word_1_150' title='bbox 669 1767 896 1858; x_wconf 65' lang='grc'><strong>16381642)</strong></span> <span class='ocrx_word' id='word_1_151' title='bbox 919 1779 951 1836; x_wconf 89' lang='grc'><strong>01</strong></span> <span class='ocrx_word' id='word_1_152' title='bbox 972 1776 1122 1837; x_wconf 84' lang='lat' dir='ltr'><strong>mandatis</strong></span> 
     </span>
     <span class='ocr_line' id='line_1_19' title="bbox 108 1854 1123 1947; baseline 0 -22"><span class='ocrx_word' id='word_1_153' title='bbox 108 1864 278 1944; x_wconf 87' lang='lat' dir='ltr'><strong>principum</strong></span> <span class='ocrx_word' id='word_1_154' title='bbox 305 1855 353 1943; x_wconf 94' lang='lat' dir='ltr'><strong>(P.</strong></span> <span class='ocrx_word' id='word_1_155' title='bbox 376 1854 485 1944; x_wconf 87' lang='grc'><strong>1854).</strong></span> <span class='ocrx_word' id='word_1_156' title='bbox 529 1863 634 1922; x_wconf 87' lang='lat' dir='ltr'><strong>laudat</strong></span> <span class='ocrx_word' id='word_1_157' title='bbox 660 1864 778 1924; x_wconf 81' lang='lat' dir='ltr'><strong>veteres</strong></span> <span class='ocrx_word' id='word_1_158' title='bbox 802 1857 850 1945; x_wconf 89' lang='lat' dir='ltr'><strong>(P.</strong></span> <span class='ocrx_word' id='word_1_159' title='bbox 871 1856 983 1947; x_wconf 93' lang='grc'><strong>1782),</strong></span> <span class='ocrx_word' id='word_1_160' title='bbox 1008 1865 1123 1926; x_wconf 89' lang='lat' dir='ltr'><strong>scilicet</strong></span> 
     </span>
     <span class='ocr_line' id='line_1_20' title="bbox 108 1945 1121 2035; baseline 0 -21"><span class='ocrx_word' id='word_1_161' title='bbox 108 1953 259 2014; x_wconf 86' lang='lat' dir='ltr'><strong>Rutilium</strong></span> <span class='ocrx_word' id='word_1_162' title='bbox 283 1946 331 2032; x_wconf 94' lang='lat' dir='ltr'><strong>(P.</strong></span> <span class='ocrx_word' id='word_1_163' title='bbox 352 1948 465 2030; x_wconf 85' lang='grc'><strong>1782),</strong></span> <span class='ocrx_word' id='word_1_164' title='bbox 490 1951 624 2012; x_wconf 83' lang='grc' dir='ltr'><strong>Μο0100</strong></span> <span class='ocrx_word' id='word_1_165' title='bbox 646 1950 693 2031; x_wconf 92' lang='lat' dir='ltr'><strong>(P.</strong></span> <span class='ocrx_word' id='word_1_166' title='bbox 714 1945 958 2035; x_wconf 57' lang='grc'><strong>1732180711),</strong></span> <span class='ocrx_word' id='word_1_167' title='bbox 984 1954 1121 2016; x_wconf 81' lang='lat' dir='ltr'><strong>Servium</strong></span> 
     </span>
     <span class='ocr_line' id='line_1_21' title="bbox 109 2033 1121 2124; baseline 0.002 -22"><span class='ocrx_word' id='word_1_168' title='bbox 109 2038 155 2120; x_wconf 93' lang='lat' dir='ltr'><strong>(P.</strong></span> <span class='ocrx_word' id='word_1_169' title='bbox 177 2033 413 2122; x_wconf 62' lang='grc'><strong>173218681),</strong></span> <span class='ocrx_word' id='word_1_170' title='bbox 432 2039 555 2101; x_wconf 85' lang='lat' dir='ltr'><strong>Ofilium</strong></span> <span class='ocrx_word' id='word_1_171' title='bbox 574 2034 621 2120; x_wconf 92' lang='lat' dir='ltr'>(P.</span> <span class='ocrx_word' id='word_1_172' title='bbox 637 2036 746 2121; x_wconf 85' lang='grc'><strong>1774),</strong></span> <span class='ocrx_word' id='word_1_173' title='bbox 766 2042 942 2102; x_wconf 81' lang='lat' dir='ltr'><strong>Trebatium</strong></span> <span class='ocrx_word' id='word_1_174' title='bbox 960 2034 1007 2124; x_wconf 92' lang='lat' dir='ltr'><strong>(P.</strong></span> <span class='ocrx_word' id='word_1_175' title='bbox 1024 2045 1121 2108; x_wconf 90' lang='grc'><strong>1606.</strong></span> 
     </span>
     <span class='ocr_line' id='line_1_22' title="bbox 110 2124 1121 2210; baseline 0.001 -17"><span class='ocrx_word' id='word_1_176' title='bbox 110 2124 227 2210; x_wconf 92' lang='grc'><strong>1805),</strong></span> <span class='ocrx_word' id='word_1_177' title='bbox 249 2148 308 2192; x_wconf 90' lang='grc'><strong>000</strong></span> <span class='ocrx_word' id='word_1_178' title='bbox 326 2131 425 2190; x_wconf 90' lang='lat' dir='ltr'><strong>minus</strong></span> <span class='ocrx_word' id='word_1_179' title='bbox 444 2130 622 2208; x_wconf 82' lang='lat' dir='ltr'><strong>Labeonem,</strong></span> <span class='ocrx_word' id='word_1_180' title='bbox 648 2130 791 2209; x_wconf 86' lang='lat' dir='ltr'><strong>Nervam,</strong></span> <span class='ocrx_word' id='word_1_181' title='bbox 811 2130 964 2210; x_wconf 86' lang='lat' dir='ltr'><strong>Sabinum,</strong></span> <span class='ocrx_word' id='word_1_182' title='bbox 983 2131 1121 2194; x_wconf 81' lang='lat' dir='ltr'><strong>Gessium</strong></span> 
     </span>
     <span class='ocr_line' id='line_1_23' title="bbox 108 2218 1122 2300; baseline 0.002 -18"><span class='ocrx_word' id='word_1_183' title='bbox 108 2224 140 2282; x_wconf 89' lang='lat' dir='ltr'><strong>et</strong></span> <span class='ocrx_word' id='word_1_184' title='bbox 162 2218 334 2293; x_wconf 82' lang='lat' dir='ltr'><strong>Cassianos,</strong></span> <span class='ocrx_word' id='word_1_185' title='bbox 357 2218 531 2296; x_wconf 90' lang='lat' dir='ltr'><strong>Proculum,</strong></span> <span class='ocrx_word' id='word_1_186' title='bbox 553 2218 739 2298; x_wconf 85' lang='lat' dir='ltr'><strong>Aristonem,</strong></span> <span class='ocrx_word' id='word_1_187' title='bbox 762 2219 930 2298; x_wconf 90' lang='lat' dir='ltr'><strong>Plautium,</strong></span> <span class='ocrx_word' id='word_1_188' title='bbox 953 2221 1122 2300; x_wconf 86' lang='lat' dir='ltr'><strong>Neratium,</strong></span> 
     </span>
     <span class='ocr_line' id='line_1_24' title="bbox 107 2307 1121 2388; baseline 0 -18"><span class='ocrx_word' id='word_1_189' title='bbox 107 2307 236 2386; x_wconf 83' lang='lat' dir='ltr'><strong>Celsum,</strong></span> <span class='ocrx_word' id='word_1_190' title='bbox 257 2307 418 2386; x_wconf 84' lang='lat' dir='ltr'><strong>Iulianum,</strong></span> <span class='ocrx_word' id='word_1_191' title='bbox 439 2308 646 2386; x_wconf 86' lang='lat' dir='ltr'><strong>Pomponium,</strong></span> <span class='ocrx_word' id='word_1_192' title='bbox 669 2309 853 2388; x_wconf 87' lang='lat' dir='ltr'><strong>Marcellum,</strong></span> <span class='ocrx_word' id='word_1_193' title='bbox 872 2309 999 2372; x_wconf 80' lang='lat' dir='ltr'><strong>Sextum</strong></span> <span class='ocrx_word' id='word_1_194' title='bbox 1019 2310 1121 2372; x_wconf 76' lang='lat' dir='ltr'><strong>(laeci-</strong></span> 
     </span>
     <span class='ocr_line' id='line_1_25' title="bbox 106 2397 1121 2477; baseline 0.002 -19"><span class='ocrx_word' id='word_1_195' title='bbox 106 2398 195 2474; x_wconf 89' lang='lat' dir='ltr'><strong>lium,</strong></span> <span class='ocrx_word' id='word_1_196' title='bbox 225 2397 308 2458; x_wconf 82' lang='lat' dir='ltr'><strong>elios.</strong></span> <span class='ocrx_word' id='word_1_197' title='bbox 348 2399 505 2474; x_wconf 88' lang='lat' dir='ltr'><strong>proposuit</strong></span> <span class='ocrx_word' id='word_1_198' title='bbox 536 2397 677 2475; x_wconf 88' lang='lat' dir='ltr'><strong>denique,</strong></span> <span class='ocrx_word' id='word_1_199' title='bbox 707 2399 786 2474; x_wconf 92' lang='lat' dir='ltr'><strong>quod</strong></span> <span class='ocrx_word' id='word_1_200' title='bbox 815 2402 941 2476; x_wconf 87' lang='lat' dir='ltr'><strong>constat,</strong></span> <span class='ocrx_word' id='word_1_201' title='bbox 969 2419 1028 2477; x_wconf 91' lang='lat' dir='ltr'><strong>quo</strong></span> <span class='ocrx_word' id='word_1_202' title='bbox 1055 2400 1121 2460; x_wconf 90' lang='lat' dir='ltr'><strong>iure</strong></span> 
     </span>
     <span class='ocr_line' id='line_1_26' title="bbox 105 2485 1119 2564; baseline -0.001 -15"><span class='ocrx_word' id='word_1_203' title='bbox 105 2485 230 2563; x_wconf 81' lang='lat' dir='ltr'><strong>utimur,</strong></span> <span class='ocrx_word' id='word_1_204' title='bbox 258 2485 338 2564; x_wconf 91' lang='lat' dir='ltr'><strong>quod</strong></span> <span class='ocrx_word' id='word_1_205' title='bbox 366 2486 481 2562; x_wconf 86' lang='lat' dir='ltr'><strong>placuit</strong></span> <span class='ocrx_word' id='word_1_206' title='bbox 507 2485 557 2546; x_wconf 84' lang='lat' dir='ltr'><strong>vel</strong></span> <span class='ocrx_word' id='word_1_207' title='bbox 579 2486 676 2564; x_wconf 81' lang='lat' dir='ltr'><strong>magis</strong></span> <span class='ocrx_word' id='word_1_208' title='bbox 698 2486 813 2563; x_wconf 76' lang='lat' dir='ltr'><strong>placuit</strong></span> <span class='ocrx_word' id='word_1_209' title='bbox 834 2488 883 2548; x_wconf 84' lang='lat' dir='ltr'><strong>vol</strong></span> <span class='ocrx_word' id='word_1_210' title='bbox 906 2489 987 2564; x_wconf 90' lang='lat' dir='ltr'><strong>quod</strong></span> <span class='ocrx_word' id='word_1_211' title='bbox 1009 2488 1119 2564; x_wconf 84' lang='lat' dir='ltr'><strong>placet,</strong></span> 
     </span>
     <span class='ocr_line' id='line_1_27' title="bbox 106 2574 1120 2654; baseline 0.002 -18"><span class='ocrx_word' id='word_1_212' title='bbox 106 2575 187 2654; x_wconf 91' lang='lat' dir='ltr'><strong>quod</strong></span> <span class='ocrx_word' id='word_1_213' title='bbox 215 2595 319 2636; x_wconf 86' lang='lat' dir='ltr'><strong>verum</strong></span> <span class='ocrx_word' id='word_1_214' title='bbox 346 2575 397 2636; x_wconf 84' lang='lat' dir='ltr'><strong>vel</strong></span> <span class='ocrx_word' id='word_1_215' title='bbox 423 2574 525 2635; x_wconf 84' lang='lat' dir='ltr'><strong>verius</strong></span> <span class='ocrx_word' id='word_1_216' title='bbox 549 2577 609 2653; x_wconf 87' lang='lat' dir='ltr'><strong>est,</strong></span> <span class='ocrx_word' id='word_1_217' title='bbox 636 2574 717 2652; x_wconf 91' lang='lat' dir='ltr'><strong>quod</strong></span> <span class='ocrx_word' id='word_1_218' title='bbox 739 2574 883 2635; x_wconf 83' lang='lat' dir='ltr'><strong>utilitatis</strong></span> <span class='ocrx_word' id='word_1_219' title='bbox 906 2593 996 2636; x_wconf 86' lang='lat' dir='ltr'><strong>causa</strong></span> <span class='ocrx_word' id='word_1_220' title='bbox 1018 2595 1120 2654; x_wconf 86' lang='lat' dir='ltr'><strong>recep·</strong></span> 
     </span>
     <span class='ocr_line' id='line_1_28' title="bbox 104 2668 249 2733; baseline 0 -9"><span class='ocrx_word' id='word_1_221' title='bbox 104 2668 249 2733; x_wconf 84' lang='lat' dir='ltr'><strong>tumeat.</strong></span> 
     </span>
    </p>

    <p class='ocr_par' dir='ltr' id='par_1_3' title="bbox 104 2749 1120 3636">
     <span class='ocr_line' id='line_1_29' title="bbox 196 2749 1120 2829; baseline -0.001 -16"><span class='ocrx_word' id='word_1_222' title='bbox 196 2753 325 2813; x_wconf 83' lang='lat' dir='ltr'><strong>Sabinus</strong></span> <span class='ocrx_word' id='word_1_223' title='bbox 346 2770 407 2812; x_wconf 90' lang='lat' dir='ltr'><strong>non</strong></span> <span class='ocrx_word' id='word_1_224' title='bbox 430 2761 518 2827; x_wconf 88' lang='lat' dir='ltr'><strong>saepe</strong></span> <span class='ocrx_word' id='word_1_225' title='bbox 540 2751 684 2812; x_wconf 88' lang='lat' dir='ltr'><strong>laudatur</strong></span> <span class='ocrx_word' id='word_1_226' title='bbox 706 2749 794 2829; x_wconf 88' lang='lat' dir='ltr'><strong>idque</strong></span> <span class='ocrx_word' id='word_1_227' title='bbox 818 2751 866 2810; x_wconf 91' lang='lat' dir='ltr'><strong>his</strong></span> <span class='ocrx_word' id='word_1_228' title='bbox 888 2750 975 2812; x_wconf 87' lang='lat' dir='ltr'><strong>locis:</strong></span> <span class='ocrx_word' id='word_1_229' title='bbox 1007 2752 1083 2813; x_wconf 92' lang='lat' dir='ltr'><strong>libro</strong></span> <span class='ocrx_word' id='word_1_230' title='bbox 1103 2753 1120 2812; x_wconf 97' lang='lat' dir='ltr'>I</span> 
     </span>
     <span class='ocr_line' id='line_1_30' title="bbox 105 2835 1119 2923; baseline -0.004 -18"><span class='ocrx_word' id='word_1_231' title='bbox 105 2843 139 2906; x_wconf 84' lang='lat' dir='ltr'><strong>P.</strong></span> <span class='ocrx_word' id='word_1_232' title='bbox 168 2843 253 2902; x_wconf 92' lang='grc'><strong>1602</strong></span> <span class='ocrx_word' id='word_1_233' title='bbox 287 2835 384 2923; x_wconf 73' lang='lat' dir='ltr'><strong>(ergo</strong></span> <span class='ocrx_word' id='word_1_234' title='bbox 421 2839 589 2916; x_wconf 87' lang='lat' dir='ltr'><strong>expeditius</strong></span> <span class='ocrx_word' id='word_1_235' title='bbox 625 2843 671 2900; x_wconf 86' lang='lat' dir='ltr'><strong>est</strong></span> <span class='ocrx_word' id='word_1_236' title='bbox 704 2839 783 2916; x_wconf 93' lang='lat' dir='ltr'><strong>quod</strong></span> <span class='ocrx_word' id='word_1_237' title='bbox 817 2839 945 2900; x_wconf 86' lang='lat' dir='ltr'><strong>Sabinus</strong></span> <span class='ocrx_word' id='word_1_238' title='bbox 978 2835 1119 2922; x_wconf 75' lang='lat' dir='ltr'><strong>scribit&#39;),</strong></span> 
     </span>
     <span class='ocr_line' id='line_1_31' title="bbox 104 2922 1120 3010; baseline -0.004 -16"><span class='ocrx_word' id='word_1_239' title='bbox 104 2931 185 2994; x_wconf 89' lang='lat' dir='ltr'><strong>libro</strong></span> <span class='ocrx_word' id='word_1_240' title='bbox 203 2931 235 2990; x_wconf 89' lang='lat' dir='ltr'>H</span> <span class='ocrx_word' id='word_1_241' title='bbox 252 2931 285 2990; x_wconf 91' lang='lat' dir='ltr'><strong>P.</strong></span> <span class='ocrx_word' id='word_1_242' title='bbox 308 2932 390 2992; x_wconf 83' lang='grc'><strong>1625</strong></span> <span class='ocrx_word' id='word_1_243' title='bbox 413 2922 567 3010; x_wconf 74' lang='lat' dir='ltr'><strong>(Sabinus</strong></span> <span class='ocrx_word' id='word_1_244' title='bbox 590 2929 735 2990; x_wconf 89' lang='lat' dir='ltr'><strong>Proculus</strong></span> <span class='ocrx_word' id='word_1_245' title='bbox 755 2932 948 3006; x_wconf 88' lang='lat' dir='ltr'><strong>..putant,</strong></span> <span class='ocrx_word' id='word_1_246' title='bbox 972 2929 1050 3007; x_wconf 90' lang='lat' dir='ltr'><strong>quod</strong></span> <span class='ocrx_word' id='word_1_247' title='bbox 1073 2934 1120 2991; x_wconf 86' lang='lat' dir='ltr'><strong>est</strong></span> 
     </span>
     <span class='ocr_line' id='line_1_32' title="bbox 104 3011 1120 3100; baseline -0.006 -16"><span class='ocrx_word' id='word_1_248' title='bbox 104 3012 243 3100; x_wconf 86' lang='lat' dir='ltr'><strong>verius&#39;),</strong></span> <span class='ocrx_word' id='word_1_249' title='bbox 265 3018 343 3079; x_wconf 92' lang='lat' dir='ltr'><strong>libro</strong></span> <span class='ocrx_word' id='word_1_250' title='bbox 369 3018 413 3078; x_wconf 90' lang='lat' dir='ltr'><strong>IV</strong></span> <span class='ocrx_word' id='word_1_251' title='bbox 435 3017 467 3079; x_wconf 87' lang='lat' dir='ltr'><strong>P.</strong></span> <span class='ocrx_word' id='word_1_252' title='bbox 489 3021 573 3080; x_wconf 92' lang='grc'><strong>1676</strong></span> <span class='ocrx_word' id='word_1_253' title='bbox 593 3016 612 3095; x_wconf 67' lang='grc' dir='ltr'>ξ</span> <span class='ocrx_word' id='word_1_254' title='bbox 633 3021 652 3078; x_wconf 95' lang='grc'><strong>2</strong></span> <span class='ocrx_word' id='word_1_255' title='bbox 677 3011 784 3097; x_wconf 77' lang='lat' dir='ltr'><strong>(quod</strong></span> <span class='ocrx_word' id='word_1_256' title='bbox 806 3018 882 3095; x_wconf 87' lang='lat' dir='ltr'><strong>fere,</strong></span> <span class='ocrx_word' id='word_1_257' title='bbox 907 3018 1007 3096; x_wconf 89' lang='grc'><strong>100011</strong></span> <span class='ocrx_word' id='word_1_258' title='bbox 1034 3018 1120 3080; x_wconf 81' lang='lat' dir='ltr'><strong>Sabi·</strong></span> 
     </span>
     <span class='ocr_line' id='line_1_33' title="bbox 104 3099 1120 3188; baseline -0.001 -19"><span class='ocrx_word' id='word_1_259' title='bbox 104 3126 173 3183; x_wconf 89' lang='lat' dir='ltr'><strong>nus,</strong></span> <span class='ocrx_word' id='word_1_260' title='bbox 197 3101 308 3169; x_wconf 82' lang='lat' dir='ltr'><strong>evenit&#39;</strong></span> <span class='ocrx_word' id='word_1_261' title='bbox 331 3110 362 3168; x_wconf 87' lang='lat' dir='ltr'><strong>et</strong></span> <span class='ocrx_word' id='word_1_262' title='bbox 385 3127 412 3185; x_wconf 93' lang='lat' dir='ltr'><strong>q.</strong></span> <span class='ocrx_word' id='word_1_263' title='bbox 422 3099 470 3188; x_wconf 85' lang='grc'><strong>0.),</strong></span> <span class='ocrx_word' id='word_1_264' title='bbox 492 3107 570 3168; x_wconf 89' lang='lat' dir='ltr'><strong>libro</strong></span> <span class='ocrx_word' id='word_1_265' title='bbox 588 3107 633 3166; x_wconf 86' lang='lat' dir='ltr'><strong>VI</strong></span> <span class='ocrx_word' id='word_1_266' title='bbox 650 3108 682 3167; x_wconf 92' lang='lat' dir='ltr'><strong>P.</strong></span> <span class='ocrx_word' id='word_1_267' title='bbox 704 3109 789 3168; x_wconf 89' lang='grc'><strong>1734</strong></span> <span class='ocrx_word' id='word_1_268' title='bbox 811 3101 919 3185; x_wconf 72' lang='lat' dir='ltr'><strong>(quod</strong></span> <span class='ocrx_word' id='word_1_269' title='bbox 937 3106 1065 3168; x_wconf 84' lang='lat' dir='ltr'><strong>Sabinus</strong></span> <span class='ocrx_word' id='word_1_270' title='bbox 1087 3109 1120 3168; x_wconf 91' lang='lat' dir='ltr'><strong>iu</strong></span> 
     </span>
     <span class='ocr_line' id='line_1_34' title="bbox 105 3190 1118 3272; baseline -0.004 -12"><span class='ocrx_word' id='word_1_271' title='bbox 105 3197 244 3260; x_wconf 90' lang='lat' dir='ltr'><strong>omnibus</strong></span> <span class='ocrx_word' id='word_1_272' title='bbox 271 3197 367 3258; x_wconf 90' lang='lat' dir='ltr'><strong>bonae</strong></span> <span class='ocrx_word' id='word_1_273' title='bbox 394 3196 465 3256; x_wconf 91' lang='lat' dir='ltr'><strong>fidei</strong></span> <span class='ocrx_word' id='word_1_274' title='bbox 490 3195 610 3256; x_wconf 89' lang='lat' dir='ltr'><strong>iudiciis</strong></span> <span class='ocrx_word' id='word_1_275' title='bbox 633 3190 837 3272; x_wconf 86' lang='lat' dir='ltr'><strong>existimavit’,</strong></span> <span class='ocrx_word' id='word_1_276' title='bbox 860 3196 893 3257; x_wconf 94' lang='lat' dir='ltr'><strong>P.</strong></span> <span class='ocrx_word' id='word_1_277' title='bbox 914 3197 999 3257; x_wconf 90' lang='grc'><strong>1738</strong></span> <span class='ocrx_word' id='word_1_278' title='bbox 1019 3190 1118 3258; x_wconf 77' lang='lat' dir='ltr'><strong>‘sahi-</strong></span> 
     </span>
     <span class='ocr_line' id='line_1_35' title="bbox 104 3277 1118 3367; baseline 0 -20"><span class='ocrx_word' id='word_1_279' title='bbox 104 3305 163 3347; x_wconf 92' lang='lat' dir='ltr'><strong>nus</strong></span> <span class='ocrx_word' id='word_1_280' title='bbox 185 3289 266 3346; x_wconf 81' lang='lat' dir='ltr'><strong>recte</strong></span> <span class='ocrx_word' id='word_1_281' title='bbox 286 3277 426 3367; x_wconf 86' lang='lat' dir='ltr'><strong>scribit&#39;),</strong></span> <span class='ocrx_word' id='word_1_282' title='bbox 448 3285 526 3344; x_wconf 88' lang='lat' dir='ltr'><strong>libro</strong></span> <span class='ocrx_word' id='word_1_283' title='bbox 544 3284 603 3343; x_wconf 86' lang='lat' dir='ltr'><strong>VII</strong></span> <span class='ocrx_word' id='word_1_284' title='bbox 627 3286 658 3344; x_wconf 94' lang='lat' dir='ltr'><strong>P.</strong></span> <span class='ocrx_word' id='word_1_285' title='bbox 675 3277 776 3346; x_wconf 66' lang='lat' dir='ltr'><strong>llt&#39;tb</strong></span> <span class='ocrx_word' id='word_1_286' title='bbox 795 3277 965 3366; x_wconf 69' lang='lat' dir='ltr'><strong>(Neratius</strong></span> <span class='ocrx_word' id='word_1_287' title='bbox 988 3285 1118 3348; x_wconf 82' lang='lat' dir='ltr'><strong>Sabinus</strong></span> 
     </span>
     <span class='ocr_line' id='line_1_36' title="bbox 107 3367 1119 3454; baseline -0.004 -16"><span class='ocrx_word' id='word_1_288' title='bbox 107 3418 168 3438; x_wconf 87' lang='lat'><strong>...</strong></span> <span class='ocrx_word' id='word_1_289' title='bbox 193 3369 304 3452; x_wconf 85' lang='lat' dir='ltr'><strong>siunt’,</strong></span> <span class='ocrx_word' id='word_1_290' title='bbox 330 3374 363 3434; x_wconf 93' lang='lat' dir='ltr'><strong>P.</strong></span> <span class='ocrx_word' id='word_1_291' title='bbox 392 3377 476 3436; x_wconf 91' lang='grc'><strong>1773</strong></span> <span class='ocrx_word' id='word_1_292' title='bbox 506 3367 695 3450; x_wconf 69' lang='lat' dir='ltr'><strong>‘quibusdem</strong></span> <span class='ocrx_word' id='word_1_293' title='bbox 722 3373 989 3435; x_wconf 86' lang='lat' dir='ltr'><strong>existimantibus.</strong></span> <span class='ocrx_word' id='word_1_294' title='bbox 1009 3420 1016 3434; x_wconf 93' lang='lat'><strong>.</strong></span> <span class='ocrx_word' id='word_1_295' title='bbox 1036 3419 1055 3454; x_wconf 90' lang='lat'>.,</span> <span class='ocrx_word' id='word_1_296' title='bbox 1083 3380 1119 3435; x_wconf 89' lang='lat' dir='ltr'><strong>ut</strong></span> 
     </span>
     <span class='ocr_line' id='line_1_37' title="bbox 104 3461 1119 3542; baseline -0.005 -13"><span class='ocrx_word' id='word_1_297' title='bbox 104 3464 207 3529; x_wconf 82' lang='lat' dir='ltr'><strong>Nerva</strong></span> <span class='ocrx_word' id='word_1_298' title='bbox 231 3462 334 3524; x_wconf 83' lang='lat' dir='ltr'><strong>Cassio</strong></span> <span class='ocrx_word' id='word_1_299' title='bbox 355 3508 414 3541; x_wconf 90' lang='lat'>...,</span> <span class='ocrx_word' id='word_1_300' title='bbox 437 3463 515 3540; x_wconf 90' lang='lat' dir='ltr'><strong>aliis,</strong></span> <span class='ocrx_word' id='word_1_301' title='bbox 537 3464 574 3522; x_wconf 91' lang='lat' dir='ltr'><strong>ut</strong></span> <span class='ocrx_word' id='word_1_302' title='bbox 596 3461 706 3524; x_wconf 86' lang='lat' dir='ltr'><strong>Sabino</strong></span> <span class='ocrx_word' id='word_1_303' title='bbox 730 3466 761 3523; x_wconf 92' lang='lat' dir='ltr'><strong>et</strong></span> <span class='ocrx_word' id='word_1_304' title='bbox 780 3463 905 3524; x_wconf 90' lang='lat' dir='ltr'><strong>Proculo</strong></span> <span class='ocrx_word' id='word_1_305' title='bbox 925 3507 986 3542; x_wconf 92' lang='lat'>...,</span> <span class='ocrx_word' id='word_1_306' title='bbox 1004 3464 1036 3524; x_wconf 90' lang='lat' dir='ltr'><strong>in</strong></span> <span class='ocrx_word' id='word_1_307' title='bbox 1059 3483 1119 3542; x_wconf 83' lang='lat' dir='ltr'><strong>qua</strong></span> 
     </span>
     <span class='ocr_line' id='line_1_38' title="bbox 105 3546 1118 3636; baseline 0.002 -24"><span class='ocrx_word' id='word_1_308' title='bbox 105 3552 256 3618; x_wconf 87' lang='lat' dir='ltr'><strong>sententia</strong></span> <span class='ocrx_word' id='word_1_309' title='bbox 278 3556 309 3611; x_wconf 90' lang='lat' dir='ltr'><strong>et</strong></span> <span class='ocrx_word' id='word_1_310' title='bbox 326 3550 462 3612; x_wconf 87' lang='lat' dir='ltr'><strong>Iulianus</strong></span> <span class='ocrx_word' id='word_1_311' title='bbox 484 3551 649 3613; x_wconf 85' lang='lat' dir='ltr'><strong>rectissime</strong></span> <span class='ocrx_word' id='word_1_312' title='bbox 672 3546 753 3636; x_wconf 84' lang='lat' dir='ltr'><strong>est’),</strong></span> <span class='ocrx_word' id='word_1_313' title='bbox 777 3552 854 3614; x_wconf 88' lang='lat' dir='ltr'><strong>libro</strong></span> <span class='ocrx_word' id='word_1_314' title='bbox 872 3551 947 3613; x_wconf 86' lang='lat' dir='ltr'>VIII</span> <span class='ocrx_word' id='word_1_315' title='bbox 969 3553 1000 3614; x_wconf 93' lang='lat' dir='ltr'><strong>P.</strong></span> <span class='ocrx_word' id='word_1_316' title='bbox 1017 3555 1118 3616; x_wconf 66' lang='grc'><strong>17821</strong></span> 
     </span>
    </p>
   </div>
   <div class='ocr_carea' id='block_1_3' title="bbox 0 0 1260 3888">
    <p class='ocr_par' dir='ltr' id='par_1_4' title="bbox 0 0 1260 3888">
     <span class='ocr_line' id='line_1_39' title="bbox 0 0 1260 3888; baseline 0 1"><span class='ocrx_word' id='word_1_317' title='bbox 0 0 1260 3888; x_wconf 95' lang='lat' dir='ltr'><strong> </strong></span> 
     </span>
    </p>
   </div>
  </div>
 </body>
</html>
