2512 3888
134 150 202 214 472
243 151 277 206 11.
304 148 371 203 ΤΙΒ.
392 146 468 203 cru
491 146 619 203 GLAUD.
642 145 777 203 Nasos.
796 145 904 202 ΤΕΜΡ.
928 144 1023 202 Imus
1049 145 1144 205 (10118.

134 336 224 396 quam
255 315 365 375 Latino
398 335 433 375 ex
465 317 531 394 lege
559 315 647 374 Aelia
674 314 778 374 Sentis
805 317 903 392 nupta
930 315 983 392 sit3
1015 334 1084 375 nam
1099 317 1146 378 'de

132 408 189 465 hoc
230 404 400 480 specialiter
443 404 703 466 senatusconsulto
740 408 865 464 cavetur
992 407 1148 480 praeterea

133 495 159 554 si
182 493 255 553 civis
278 493 430 553 Romanus
453 493 505 569 qui
528 512 559 553 se
583 491 759 553 credidisset
782 491 927 552 Latinum
949 511 1025 572 esse,
1057 495 1094 554 ob
1115 494 1146 554 id

133 582 272 641 Latinam
295 601 420 642 uxorem
442 583 571 660 duxerit,
592 580 780 658 permittitur
807 581 835 640 ei
858 581 920 642 filio
944 585 1016 643 nato
1040 583 1148 644 erroris

135 689 258 730 causam
278 671 414 749 probare,
436 674 592 751 tamquam
613 670 639 730 si
657 689 693 730 ex
711 671 777 748 lege
797 669 884 729 Aelia
902 670 1007 731 Sentis
1024 691 1147 732 uxorem

133 759 276 821 duxisset.
321 761 395 820 item
421 760 469 819 his
496 759 548 836 qui
575 778 644 819 cum
667 759 746 819 cives
768 759 896 818 Romani
919 763 1031 838 essent,
1064 779 1147 835 pere·

132 848 235 928 grinos
259 868 290 910 se
315 867 379 910 esse
402 848 598 909 credidissent
617 850 648 908 et
665 848 839 926 peregrines
858 867 966 908 uxores
984 849 1147 923 duxissent,

134 938 322 1016 permittitur
348 957 384 997 ex
411 931 671 998 senatusconsulto
699 936 761 996 fflio
788 940 861 996 nato
890 955 1010 997 causam
1039 938 1146 1000 erroris

134 1026 275 1104 probaro;
304 1046 363 1103 quo
390 1027 470 1086 facto
498 1025 551 1085 fiet
577 1044 653 1085 uxor
680 1025 753 1086 civis
776 1025 910 1085 Romana
932 1028 963 1086 et
985 1025 1066 1086 filius
1089 1046 1147 1087 uon

133 1117 232 1177 solum
268 1117 307 1176 ed
344 1115 497 1176 civitatem
532 1115 697 1175 Romanam
728 1115 877 1192 pervenit,
910 1115 961 1174 sed
993 1115 1086 1176 etiam
1116 1115 1147 1176 in
1225 1143 1227 1170 A

77 1243 79 1246 -
132 1208 315 1282 potestatem
337 1203 433 1281 patris
456 1195 625 1281 redigitur?
671 1201 736 1263 Gai.
758 1206 784 1276 1,
801 1206 939 1264 65-11.

44 3654 81 3722 ι

221 1297 300 1362 ‘Non
328 1302 424 1362 solum
451 1304 553 1360 tamen
580 1301 733 1360 naturales
760 1301 849 1360 liberi
868 1302 971 1360 ...in
998 1304 1148 1377 potestate

131 1394 235 1451 nostra
254 1394 334 1467 sunt,
356 1409 463 1451 verum
481 1391 512 1450 et
530 1390 562 1449 hi
580 1408 656 1466 quos
679 1389 864 1467 adoptamus.
906 1391 1027 1467 adoptio
1047 1393 1147 1450 autem

131 1480 249 1540 duobus
286 1478 381 1539 modis
417 1479 466 1557 fit,
503 1481 558 1538 aut
588 1478 692 1556 populi
723 1478 904 1538 auctoritate
937 1482 992 1539 aut
1022 1479 1148 1558 imperio

131 1569 341 1647 magistratus,
378 1569 473 1628 veluti
504 1571 660 1644 praetoris.
710 1567 814 1643 populi
844 1568 1025 1628 auctoritate
1057 1569 1147 1645 adop

132 1659 233 1718 tamus
265 1676 315 1716 eos
348 1657 400 1734 qui
432 1657 480 1717 sui
511 1657 586 1717 iuris
616 1659 700 1734 suut,
733 1674 809 1733 quae
838 1657 950 1731 species
979 1656 1148 1733 adoptionis

133 1745 244 1806 dicitur
272 1746 428 1825 adrogatio
526 1746 652 1822 imperio
675 1743 871 1821 magistratus
895 1745 1073 1821 adoptamus
1097 1767 1150 1808 eos

133 1835 186 1912 qui
204 1835 236 1894 in
253 1837 404 1910 potestate
423 1839 583 1911 pareutum
602 1836 674 1894 sunt
692 1879 699 1894 .
714 1879 744 1895 ..
763 1835 794 1893 et
812 1834 934 1911 quidem
952 1834 1007 1894 illa
1025 1835 1149 1912 adoptio

136 1941 212 2000 quae
235 1943 290 2000 per
313 1925 459 2001 populum
481 1923 525 2001 fit,
548 1941 695 2000 nusquam
717 1921 777 1982 nisi
799 1922 911 1982 Romae
934 1918 989 1983 fit'.
1032 1923 1098 1984 Gai.
1121 1930 1150 2000 1,

220 2130 286 2194 53?
319 2129 388 2194 Gai
410 2133 444 2213 l,
467 2131 591 2194 101.
613 2151 702 2213 .per
728 2132 884 2214 populum
912 2129 1052 2195 feminee
1082 2153 1148 2197 non

136 2218 293 2302 adoptant
294 2241 346 2302 ur,
368 2240 444 2282 nam
467 2218 501 2281 id
525 2217 629 2303 magis
652 2219 782 2304 placuit.

222 2347 364 2407 Fortasse
391 2345 492 2406 Sabini
515 2350 582 2407 sent
583 2349 634 2407 ent
635 2347 665 2407 ia
687 2348 800 2409 subest.

224 2438 312 2504 Item
340 2445 516 2522 inpuberem
542 2445 623 2522 apud
650 2446 796 2548 populum
824 2448 963 2524 adoptarr
953 2447 1149 2525 aliquando

133 2534 316 2612 prohibitum
342 2536 397 2612 est,
420 2535 581 2611 aliquando
603 2535 783 2612 permissum
802 2539 896 2597 est..
911 2537 1015 2596 .illud
1032 2538 1149 2598 utrius·

131 2643 189 2700 que
221 2624 389 2700 adoptionis
422 2643 578 2684 commune
611 2627 669 2702 est,
700 2625 779 2702 quod
806 2626 837 2685 et
863 2624 896 2684 hi
923 2626 976 2702 qui
1002 2645 1148 2703 generare

131 2732 191 2772 non
222 2716 360 2792 possunt,
397 2715 501 2789 quales
534 2717 605 2774 sunt
639 2713 797 2790 spadones,
835 2713 978 2789 adoptare
1010 2718 1146 2792 possunt

131 2801 260 2862 feminae
287 2822 359 2862 vero
381 2803 467 2863 nullo
490 2803 578 2863 modo
602 2801 746 2877 adoptare
769 2806 904 2878 possunt,
928 2803 1058 2880 quiana
1082 2803 1147 2880 qui·

132 2890 200 2950 dem
223 2892 376 2951 naturales
399 2891 509 2951 liberos
532 2892 563 2950 in
586 2892 736 2965 potestate
759 2891 872 2952 habent
891 2937 897 2952 .
913 2938 942 2954 ..
962 2893 1014 2952 sed
1037 2895 1068 2952 et
1090 2892 1149 2952 illa

131 2979 280 3056 quaestio,
313 2999 351 3038 an
374 2979 471 3040 minor
493 2981 567 3039 natu
597 2978 741 3040 maiorem
763 2983 838 3040 natu
866 2979 1010 3058 adoptare
1038 2981 1146 3058 possit,

130 3068 290 3144 utriusque
318 3068 485 3144 adoptionis
513 3067 677 3128 communis
706 3071 761 3128 est
810 3069 888 3129 illud
914 3070 1070 3146 proprium
1098 3072 1148 3130 est

131 3156 197 3216 eius
219 3155 389 3230 adoptionis
413 3175 488 3233 quae
511 3175 565 3232 per
587 3158 734 3233 populum
752 3157 796 3236 fit,
820 3157 901 3236 quod
918 3160 944 3220 is
963 3159 1016 3236 qui
1033 3159 1149 3219 liberos

129 3245 162 3304 in
184 3247 334 3321 potestate
357 3245 461 3322 habet,
484 3245 510 3304 si
533 3263 564 3305 se
588 3245 792 3322 adrogandum
817 3247 941 3326 dederit,
963 3266 1024 3308 non
1047 3249 1148 3308 solum

129 3333 194 3408 ipse
217 3333 363 3409 potestati
386 3333 574 3411 adrogatoris
598 3334 752 3411 subicitur,
779 3335 832 3395 sed
854 3336 946 3396 etiam
968 3337 1057 3397 liberi
1080 3337 1149 3397 eius

129 3418 328 3567 i1n02eiquelm
359 3420 437 3480 fiunt
468 3425 620 3496 potestate
651 3426 805 3500 tamquam
834 3418 979 3499 nepotas?
1029 3423 1093 3485 Gai.
1115 3427 1150 3502 1,
