2508 3896
155 145 222 211 548
260 145 294 199 H.
317 143 385 198 ΤΙΒ.
413 141 489 198 GAII
512 143 641 199 CLAUD.
664 143 800 200 NERON.
823 144 931 200 ΤΕΜΡ.
950 145 1047 200 IURIS
1066 145 1161 202 OONS.
1232 213 1233 231 ,

158 313 278 390 quidem
301 331 370 371 cum
392 311 431 370 ad
453 313 654 374 centumviros
676 313 746 384 itur,
770 317 839 373 ante
860 315 928 392 lege
952 314 1054 390 agian,
1072 333 1163 375 sam·

157 404 258 461 mento
282 401 362 476 apud
384 396 575 491 prpetorem?
608 400 672 461 Gai.
687 403 717 476 4,
733 403 783 462 30.
800 405 850 462 31,

422 633 469 691 De
491 634 560 707 lepis
583 635 693 692 cottone
715 638 901 694 sumomonte.

247 755 279 813 Si
297 755 329 813 in
346 775 411 815 rem
429 757 538 834 agitur,
561 774 609 815 res
628 755 664 814 de
683 775 743 833 qua
760 758 963 818 controversia
981 762 1036 832 est,
1055 757 1087 816 in
1105 757 1165 817 iure

156 844 333 904 vindicatur.
369 845 494 904 mobilia
517 845 636 923 quidem
655 847 686 904 et
705 845 866 923 moventia,
887 846 984 907 veluti
1002 846 1167 906 iumentum

157 933 207 993 vel
235 933 323 993 homo
352 933 384 992 in
410 934 456 993 ius
487 934 598 992 adferri
626 933 769 994 adduoive
798 935 916 996 debent.
961 935 986 994 ei
1014 935 1051 994 de
1078 935 1168 994 fundo

157 1023 360 1083 controversia
381 1025 437 1099 est,
460 1023 493 1081 in
514 1025 631 1098 partem
655 1023 727 1098 eius,
751 1023 864 1083 scilicet
885 1024 917 1082 in
935 1023 1057 1102 glebam
1074 1024 1107 1082 iu
1123 1024 1167 1084 ius

158 1111 300 1188 adlatam,
324 1111 484 1172 vindicatio
507 1111 549 1170 fit.
590 1111 663 1171 olim
679 1115 833 1188 praetores
851 1112 1049 1172 vindiciarum
1073 1113 1168 1173 dioen-

158 1199 264 1258 darum
292 1218 382 1260 causa
408 1201 441 1258 iu
469 1219 574 1278 agrum
601 1200 877 1278 proficiscebantur,
909 1204 940 1261 et
966 1201 998 1260 in
1025 1220 1060 1261 re
1087 1221 1169 1278 prae·

158 1289 237 1348 senti
255 1289 335 1366 apud
352 1290 522 1365 praetorem
541 1288 689 1365 correptio
707 1309 813 1350 manus
832 1308 869 1349 ex
887 1289 1043 1350 duodecim
1058 1290 1168 1350 tabulis

157 1377 258 1437 fiebat.
298 1377 349 1436 sed
372 1379 532 1455 postquam
553 1379 708 1455 praetores
731 1379 907 1457 propagatis
929 1378 1036 1438 Italiae
1061 1379 1168 1438 finibus

159 1467 233 1526 satis
260 1466 474 1526 iurisdictionis
501 1467 629 1545 negotiis
658 1469 792 1542 occupati
818 1467 965 1543 proficisci
991 1467 1032 1526 ad
1055 1468 1169 1544 longin-

159 1573 234 1633 quae
258 1573 306 1614 ree
330 1555 547 1634 gravabantur,
579 1555 752 1615 institutum
775 1558 823 1616 est
843 1556 935 1616 tacito
959 1575 1116 1634 consensu,
1137 1561 1170 1615 ut

156 1645 313 1723 litigantes
337 1663 373 1703 ex
393 1645 458 1704 iure
477 1664 599 1704 manum
617 1647 787 1704 consertum
805 1648 956 1724 vocarent,
979 1645 1011 1704 id
1029 1649 1078 1706 est
1096 1647 1171 1706 alter

160 1736 289 1793 alterum
312 1733 343 1792 in
366 1751 442 1810 rem,
470 1735 507 1793 de
530 1752 589 1808 qua
612 1736 760 1808 ageretur,
783 1737 912 1795 vocaret.
955 1734 1007 1810 qui
1028 1735 1170 1812 vindicat,

158 1822 190 1880 in
216 1821 281 1880 iure
310 1822 352 1881 ait
378 1821 486 1883 veluti:
515 1815 648 1894 ‘Fundus
674 1821 727 1898 qui
750 1823 851 1882 estin
873 1841 945 1900 agro
969 1822 1021 1898 qui
1045 1823 1170 1883 Sabinus
1232 1815 1233 1818 '

158 1913 293 1984 vocatur,
318 1930 385 1969 eum
408 1929 463 1988 ego
488 1929 522 1970 ex
545 1912 609 1970 iure
629 1910 792 1981 Quiritium
814 1930 915 1970 meum
934 1930 999 1972 esse
1020 1911 1082 1988 aio,
1106 1911 1171 1970 inde

158 1999 202 2056 ibi
229 2018 284 2074 ego
312 2002 343 2058 te
367 2019 402 2058 ex
424 1999 489 2058 iure
512 2018 634 2059 manum
656 2003 827 2060 consertum
848 1995 945 2060 voco'.
991 1999 1096 2060 Oicero
1118 2020 1171 2078 pro

158 2086 235 2145 Mur.
247 2089 298 2162 12,
309 2089 359 2146 27.
390 2087 492 2163 itaque
505 2089 631 2163 profecti
642 2089 730 2148 simul
738 2089 895 2167 inagrum,
909 2089 945 2149 de
956 2108 1014 2167 quo
1024 2091 1171 2167 litigatur,

115 2197 117 2200 ·
159 2174 280 2251 glebam
299 2175 330 2233 in
348 2175 453 2234 urbem
472 2177 511 2235 ad
528 2181 698 2252 praetorem
717 2178 857 2238 deferunt
876 2182 906 2238 et
923 2179 956 2237 in
969 2197 1005 2238 ea
1018 2182 1173 2256 tamquam

161 2264 193 2322 in
214 2264 279 2322 toto
303 2282 375 2340 agro
399 2264 561 2325 vindicant.
607 2265 672 2326 Gai.
687 2268 716 2342 4,
732 2270 782 2327 16.
809 2266 884 2327 Gall.
899 2269 950 2344 20,
965 2270 1017 2345 10,
1032 2271 1062 2342 8,
1078 2272 1108 2328 9.
1148 2267 1174 2326 si

160 2353 195 2411 de
219 2351 341 2412 aedibus
366 2354 567 2415 controversia
586 2357 640 2433 est,
663 2355 767 2416 eadem
785 2355 940 2432 litigantes
959 2355 1064 2417 dicunt
1082 2361 1173 2434 atque

160 2441 296 2518 tegulam
320 2461 356 2502 ex
379 2442 501 2502 aedibus
526 2446 676 2520 sumptam
698 2444 793 2504 iuius
812 2444 960 2504 adferunt.
998 2447 1022 2503 si
1041 2445 1079 2505 de
1098 2464 1173 2506 nave

160 2531 363 2590 controversia
386 2535 446 2610 est,
468 2535 586 2608 partem
609 2533 677 2592 inde
701 2533 882 2612 defringimt.
920 2532 983 2593 Gai.
998 2535 1029 2610 4,
1045 2537 1097 2594 17.

250 2619 355 2696 Itaque
383 2621 432 2681 vel
460 2622 492 2680 in
518 2622 615 2698 ipsam
641 2640 716 2695 rem,
747 2621 783 2681 de
810 2641 868 2699 qua
891 2623 1098 2683 controversia
1120 2626 1174 2698 est,
1232 2625 1233 2636 ¹

164 2709 213 2767 vel
235 2708 267 2767 in
289 2709 334 2767 rei
355 2713 472 2787 partem
492 2711 613 2785 perinde
632 2714 722 2785 atque
740 2711 772 2769 in
789 2713 885 2770 totam
903 2729 966 2770 rem
983 2715 1176 2787 praesentem

162 2796 324 2856 vindicatio
347 2797 383 2857 fit
405 2798 598 2858 sollemnibus
620 2799 728 2859 verbis.
774 2799 827 2876 qui
853 2799 997 2876 vindicat,
1025 2801 1175 2861 festucam

161 2887 256 2960 tenet,
285 2887 390 2945 deinde
417 2888 513 2962 ipsam
540 2906 605 2946 rem
631 2888 679 2949 vel
702 2887 746 2946 rei
768 2890 899 2965 partem,
925 2888 1022 2948 veluti
1043 2890 1177 2967 glebam,

161 2973 358 3049 adprehendit
395 2977 425 3034 et
461 2975 505 3034 ita
542 2975 626 3037 dicit:
663 2976 751 3035 Hunc
787 2995 842 3053 ego
878 2977 1004 3036 fundum
1041 2997 1077 3038 ex
1110 2981 1175 3038 iure

160 3060 323 3131 Quiritium
345 3082 444 3122 meum
468 3082 532 3123 esse
555 3065 602 3125 aio
626 3065 789 3124 secundum
813 3082 898 3124 suam
921 3084 1051 3126 eausam.
1097 3068 1177 3127 sicut

161 3149 234 3225 dixi,
265 3170 330 3210 ecoe
354 3152 422 3229 tibi,
445 3152 606 3214 vindictam
628 3154 763 3232 inposui,
786 3157 817 3213 et
840 3155 930 3214 simul
951 3155 1057 3230 glebae
1079 3157 1178 3216 festu·

162 3256 227 3297 cam
254 3240 379 3315 inponit.
424 3241 613 3302 adversarius
642 3243 747 3303 eadem
775 3243 913 3303 similiter
939 3242 1012 3303 dicit
1038 3247 1071 3304 et
1093 3246 1177 3304 facit

162 3344 231 3384 cum
252 3331 377 3404 uterque
399 3329 574 3406 vindicavit,
601 3333 723 3406 praetor
746 3331 831 3391 dicit:
858 3332 971 3392 mittite
994 3333 1082 3394 ambo
1106 3335 1177 3392 fun-

163 3412 247 3490 dum,
285 3415 332 3473 illi
368 3416 493 3476 mittunt
528 3418 655 3493 glebam.
713 3421 765 3495 qui
799 3421 883 3496 prior
918 3421 1095 3501 vindicavit,
1132 3425 1179 3482 ita

164 3498 292 3558 alterum
324 3503 503 3582 interrogat:
541 3499 673 3580 ‘postulo
705 3526 780 3567 anne
813 3509 893 3570 dieas
926 3529 985 3588 qua
1017 3529 1053 3570 ex
1084 3529 1180 3572 causa
