2512 3888
399 155 424 205 2.
449 150 632 208 MASURIUS
650 151 803 208 SABINUS
1042 152 1110 217 415

98 312 136 377 ‘si
162 317 229 378 ideo
257 337 316 378 uon
343 318 408 377 iure
432 319 546 378 factum
569 319 609 378 sit
631 321 859 399 testamentum,
889 321 969 399 quod
991 321 1110 381 familia

95 425 156 466 non
177 401 343 468 venierit'.

185 496 230 556 De
253 495 385 555 familiae
408 497 628 573 mancipatione
648 500 750 574 aperte
770 498 845 557 dixit
862 497 1009 574 Ulpianus
1028 500 1107 561 libro

95 585 193 663 primo
217 585 255 645 ad
278 583 422 644 Sabinum
445 575 491 660 (P.
507 578 706 667 2427-29).

127 815 139 848 ,
268 772 313 829 Dc
329 774 434 828 heredis
452 773 623 847 institutione
640 774 780 844 concretio
798 774 937 844 quaedam.

185 879 394 973 ‘Testamenta
417 889 478 948 vim
502 907 537 947 ex
560 887 748 950 institutione
772 887 890 947 heredis
910 888 1060 964 accipiunt
1078 895 1110 948 et

99 975 136 1036 ob
168 975 199 1035 id
231 977 316 1037 velut
347 981 436 1054 caput
469 979 500 1037 et
531 978 760 1038 fundamentum
792 977 981 1054 intellegitur
1012 977 1108 1037 totius

95 1065 271 1125 testamenti
296 1065 415 1126 heredis
443 1059 616 1127 institutio'.
663 1065 727 1126 (iai.
748 1069 776 1143 2,
796 1068 869 1127 229.
916 1060 1034 1126 ‘inutile
1062 1073 1109 1125 est

94 1156 323 1304 Eaetmpnesstssm’
350 1155 383 1214 in
411 1174 469 1232 quo
496 1172 586 1215 nemo
613 1158 695 1215 recto
720 1155 785 1214 iure
808 1157 894 1216 heres
917 1149 1107 1215 instituitun'.
1146 1241 1148 1244 Ι

122 1242 159 1301 u.
197 1289 205 1320 ‚
242 1246 295 1304 4.

184 1361 228 1426 2?
256 1360 295 1427 D.
310 1362 362 1441 28,
376 1361 406 1442 5,
422 1363 499 1445 lpr.
549 1361 708 1446 Ulpianus
735 1363 820 1428 libro
849 1364 954 1448 primo
984 1362 1023 1427 ad
1052 1361 1108 1428 Sa·

94 1451 209 1515 binum
237 1447 286 1535 (P.
305 1445 418 1534 2431).
441 1486 484 1497 -
508 1449 570 1526 Qui
594 1455 745 1536 testatur,
767 1453 808 1517 ab
831 1453 958 1516 heredis
980 1453 1108 1517 institu-

95 1538 185 1602 tione
210 1539 427 1623 [plerumque]
452 1539 548 1602 debet
570 1539 698 1604 initium
721 1541 828 1605 facere
851 1543 1071 1606 testamenti.

66 1663 69 1668 ’
181 1667 276 1815 tLencl
308 1667 328 1728 l.
357 1686 380 1728 e.
407 1687 435 1744 p.
465 1670 506 1728 22
543 1669 617 1728 haec
647 1669 741 1729 verba
773 1667 882 1729 Sabino
915 1670 1108 1730 attribuenda

93 1772 203 1816 censa.

184 1876 215 1941 3.
247 1873 317 1941 Gai.
332 1876 362 1960 2,
376 1876 450 1942 231.
479 1912 517 1923 -
539 1873 654 1941 Nostri
680 1879 906 1960 praeceptores
933 1898 992 1942 nec
1019 1883 1106 1942 tuto-

93 1965 310 2118 {Zrlngffienoallptco
329 1961 387 2053 (sc.
407 1969 482 2030 ante
501 1965 627 2030 heredis
646 1962 903 2054 institutionem)
922 1966 992 2031 dari
1010 1989 1106 2051 posse

182 2183 398 2262 Fragmentum
422 2185 501 2261 quod
523 2185 651 2245 fortasse
674 2185 713 2245 ad
735 2188 827 2263 caput
850 2186 886 2245 da
909 2186 1015 2246 tutelis
1038 2205 1106 2264 per·

92 2271 171 2330 tinet
194 2263 236 2352 (n.
259 2272 370 2332 librum
392 2265 453 2355 ΙΙ),
475 2274 619 2334 hocloco
642 2293 807 2350 proponere
831 2275 932 2336 malui.

182 2359 276 2420 Heres
304 2365 358 2422 aut
385 2380 456 2423 voce
483 2363 640 2423 testatoris
662 2366 854 2439 nuncupatur
877 2366 930 2423 aut
953 2364 1105 2442 scriptura

92 2448 272 2510 continetur.
309 2449 345 2510 de
364 2453 492 2527 utroque
510 2453 701 2524 testamento,
720 2455 750 2511 et
769 2453 848 2528 quod
865 2454 1104 2528 nuncupativum

92 2540 125 2597 et
148 2538 227 2614 quod
250 2538 505 2614 perscripturum
529 2540 645 2599 factum
666 2539 815 2598 nominari
837 2540 927 2615 solet,
958 2541 1105 2600 Sabinum

92 2626 203 2687 dixisse
230 2627 298 2687 inde
326 2629 465 2704 apparet,
491 2627 572 2702 quod
599 2628 647 2687 vel
669 2627 817 2702 Ulpianus
843 2628 875 2686 in
896 2629 1043 2688 librorum
1067 2630 1106 2689 ad

92 2715 239 2776 Sabinum
268 2715 445 2793 fragmentis
472 2715 509 2775 de
536 2719 663 2794 utroque
692 2715 824 2793 disserit3
851 2716 925 2775 haec
952 2718 1032 2776 enim
1059 2737 1105 2776 ex.

90 2825 136 2883 gr.
165 2805 263 2865 affert:
299 2805 335 2864 D.
356 2806 407 2879 28,
428 2807 456 2882 1,
476 2806 572 2882 21pr.
595 2805 628 2866 P.
654 2807 739 2866 2435
769 2798 883 2865 ‘licebit
906 2848 914 2865 .
941 2851 949 2864 .
978 2805 1106 2865 testanti

90 2894 152 2955 vel
178 2913 387 2972 nuncupare
417 2895 540 2954 heredes
563 2895 622 2956 vel
645 2888 828 2956 seribere’.
874 2893 910 2954 D.
929 2895 979 2973 28,
995 2895 1024 2972 5,
1041 2896 1102 2970 1,1

89 2982 124 3044 P.
141 2985 224 3044 2431
256 2978 446 3042 ‘Institutum
473 2984 612 3043 heredem
640 3003 708 3044 eum
733 3002 852 3062 quoque
876 2982 1015 3057 dicimus,
1045 2983 1104 3060 qui

90 3072 255 3148 scriptus
291 3090 359 3132 uon
391 3074 460 3150 est,
499 3073 559 3132 sed
592 3073 811 3134 solummodo
845 3065 1106 3148 nuncupatns'.

89 3161 129 3220 D.
142 3159 283 3236 ibid.§3
312 3154 455 3237 ‘pertinet
478 3160 515 3219 ad
539 3180 607 3220 eum
631 3162 683 3238 qui
706 3179 774 3220 non
797 3181 859 3236 per
883 3161 1105 3237 scripturum

89 3243 278 3310 testatur'.
320 3250 356 3309 D.
372 3252 423 3328 28,
440 3252 468 3325 1,
483 3252 534 3328 21,
551 3253 567 3309 1
589 3250 622 3310 Ρ.
638 3251 722 3310 2436
735 3246 938 3328 ‘quod..quis
949 3249 1104 3310 obscurius

88 3339 124 3397 in
147 3341 327 3398 testamento
350 3339 409 3398 vel
430 3342 616 3415 nuncupat
638 3339 696 3398 vel
715 3333 872 3400 scribit'.
913 3338 948 3398 D.
962 3337 1033 3399 ibid.
1049 3335 1101 3414 §1

91 3421 267 3575 {srstnotar'n
297 3430 404 3504 postea
435 3428 580 3487 adiecerit
611 3429 711 3504 legato
743 3428 802 3488 nel
833 3445 897 3487 sua
927 3447 1014 3489 voce
1046 3427 1105 3488 vel

110 3537 122 3574 1
168 3534 262 3576 eris.
