2506 3880
155 161 200 224 90
236 160 257 215 Ι.
280 158 431 214 curaris
451 157 610 214 AUGUSTI
632 158 679 214 ET
703 157 841 213 TIBERII
863 157 958 214 IURIS
982 158 1159 214 CONSULTI

155 327 273 387 Bucher
299 346 367 385 zum
394 325 687 404 Peregrinos-Edict
717 325 910 404 geschrieben
936 321 1039 387 habe“.
1089 329 1159 405 „Die
1245 365 1247 404 3

156 415 342 475 materiellen
359 414 603 494 Abweichungen
626 417 677 476 des
701 415 942 475 Fremdenedicts
964 435 1033 476 vom
1056 417 1159 476 stsdti-
1245 405 1247 434 ¹

154 505 245 562 seben
264 503 330 563 simi
348 503 563 564 offensichtlich
580 504 666 565 nicht
683 502 852 564 bedentend
869 523 979 582 genug,
1003 503 1071 564 dass
1090 524 1158 564 man

153 593 230 652 tiber
249 593 291 650 sie
310 592 361 651 ein
382 593 499 670 sigenes
518 592 620 671 Werk,
638 595 715 654 noch
734 593 811 652 dazu
829 593 860 651 in
879 592 1005 670 dreissig
1024 593 1158 654 Buchern

157 680 311 741 schreiben
333 678 471 741 konnte“.
1018 720 1020 722 -
1246 759 1247 762 Ἴ

243 768 330 830 Certe
340 767 498 830 Octaviani
506 769 638 848 Augusti
652 772 751 830 aetate
764 770 912 846 praetoris
924 771 1074 848 peregrini
1083 771 1160 832 edic·
1246 779 1247 782 ’

153 861 221 918 tum
239 877 299 918 non
316 859 449 934 amplum
468 863 540 936 erat,
560 859 776 934 amplissimum
790 878 861 919 vero
881 858 1013 919 officium
1027 859 1159 920 eiusdem

153 947 308 1023 praetoris,
319 949 397 1024 quod
411 948 679 1025 interpretandum,
688 966 756 1007 cum
768 947 800 1006 id
813 966 921 1026 magno
935 947 1010 1008 iuris
1022 949 1158 1010 consulto

151 1035 362 1112 dignissimum
384 1036 550 1111 videretur,
572 1035 672 1096 Labeo
696 1036 754 1096 sibi
775 1037 895 1096 videtur
916 1038 1115 1113 proposuisse.

241 1124 367 1184 Praetor
393 1125 569 1202 peregrinus
598 1125 646 1184 ius
674 1124 750 1184 dixit
771 1144 831 1185 nou
859 1126 955 1185 solum
978 1126 1057 1185 inter
1080 1127 1159 1187 cives

151 1215 184 1272 et
214 1212 399 1290 peregrinos,
431 1213 483 1272 sed
515 1213 607 1272 etiam
634 1213 713 1272 inter
738 1214 910 1292 peregrinos
937 1215 1048 1274 Romae
1076 1214 1159 1276 habi·

151 1305 266 1379 tentes,
296 1301 358 1360 sive
386 1301 518 1361 eiusdem
545 1302 608 1362 sive
630 1302 814 1362 diversarum
837 1303 973 1381 gentium
996 1305 1095 1379 erant3
1123 1305 1159 1363 cf.

151 1390 317 1449 Mommsen
341 1389 435 1450 iit-R.
457 1382 551 1464 11³,1
577 1411 605 1466 p.
626 1393 698 1452 196.
718 1394 792 1452 220.
835 1393 939 1468 itaque
961 1391 1052 1452 edicti
1076 1411 1159 1468 prce·

150 1480 227 1538 toris
259 1478 333 1538 dues
364 1481 466 1554 partes
497 1479 591 1539 fuisse
624 1499 742 1540 necesse
774 1483 833 1558 est,
865 1481 991 1540 alteram
1019 1500 1095 1558 quae
1123 1482 1159 1542 de
1198 1509 1199 1514 ¹

152 1566 327 1645 peregrinis,
346 1569 480 1646 alteram,
504 1587 581 1646 quae
600 1568 636 1628 de
655 1569 767 1630 civium
786 1586 854 1628 cum
871 1569 1036 1646 peregrinis
1055 1570 1160 1631 litibus

152 1659 308 1716 statueret.
359 1659 450 1734 etque
483 1675 551 1716 cum
577 1657 728 1735 peregrini
755 1657 790 1734 ii,
823 1658 874 1734 qni
901 1658 1034 1718 eiusdem
1061 1659 1160 1736 gentis

149 1747 251 1822 erant,
282 1763 353 1804 suee
381 1745 512 1806 civitatis
540 1746 605 1805 iure
631 1748 790 1806 uterentur
820 1738 898 1826 (Gai.
922 1749 951 1825 3,
972 1742 1043 1826 96),
1070 1748 1160 1808 huius

150 1835 271 1910 praetor
291 1835 467 1911 peregrinus
485 1834 632 1895 rationem
650 1834 760 1895 habere
779 1834 914 1896 debebat.
952 1836 1086 1912 exemplo
1105 1841 1161 1915 est,

149 1923 231 1999 quod
255 1921 319 1981 Gai.
340 1926 368 1999 1,
389 1925 451 1984 193
476 1925 512 1982 de
534 1923 601 2001 lege
619 1923 820 2000 Bithynorum
840 1923 892 2000 ait,
915 1943 1001 2002 quae,
1024 1919 1063 1984 ‘si
1086 1926 1161 2002 quid

150 2011 258 2069 mulier
281 2012 445 2090 contrahat,
469 2012 610 2071 meritum
633 2017 785 2072 auctorem
803 2031 868 2072 esse
887 2012 972 2073 iubet
989 2016 1044 2073 aut
1062 2013 1162 2074 filium

150 2099 216 2158 eius
243 2093 408 2176 puberem',
436 2101 484 2160 vel
508 2101 587 2176 quod
611 2102 723 2177 3,134
747 2101 783 2160 de
806 2101 1012 2178 chirographis
1036 2105 1067 2162 et
1090 2121 1162 2180 syn·

151 2186 273 2264 graphis
291 2187 394 2263 tradit,
416 2187 448 2247 id
466 2206 561 2266 genus
580 2187 771 2266 obligationis
789 2191 1024 2268 peregrinorum,
1043 2185 1162 2253 scilicet

150 2273 334 2335 Graecorum
351 2277 400 2335 vel
415 2275 605 2351 Asianorum,
622 2277 777 2354 proprium
795 2297 866 2338 esse.
904 2280 935 2337 in
954 2279 1067 2340 talibus
1086 2300 1161 2357 ergo

150 2363 249 2423 causis
267 2364 443 2442 peregrinus
461 2365 550 2425 iudex
568 2369 738 2441 apraetore
758 2366 894 2427 dabatur.
930 2368 965 2428 of.
977 2367 1082 2447 Gaia,
1096 2372 1160 2431 105

150 2445 379 2514 ‘interveniente
401 2453 552 2532 peregrini
573 2473 701 2530 persona
722 2449 848 2516 iudicis'.
885 2457 1069 2517 diversarum
1088 2460 1162 2520 civi-

150 2543 249 2601 tatum
275 2541 440 2620 peregrinis
468 2543 548 2602 inter
575 2561 606 2604 se
634 2543 825 2622 litigantibus
848 2545 896 2604 vel
926 2546 1089 2606 secundum
1112 2548 1162 2607 ius

150 2631 215 2691 eius
237 2631 381 2707 civitatis,
405 2631 490 2692 euius
513 2632 586 2692 civis
608 2651 679 2692 reus
702 2636 780 2709 erat,
803 2634 852 2694 vel
874 2635 1038 2694 secundum
1059 2653 1163 2696 mores

113 2787 115 2791 ,
149 2720 228 2779 inter
250 2721 305 2779 has
328 2720 465 2780 civitates
488 2721 618 2781 usitatos
642 2722 702 2796 vel,
730 2723 755 2781 si
777 2741 876 2783 mores
899 2723 1088 2802 deficiebant,
1114 2743 1163 2786 se-

149 2809 280 2868 cundum
298 2808 458 2868 arbitrium
476 2810 548 2869 boni
565 2810 624 2869 viri
645 2811 693 2870 ius
711 2811 869 2870 dicendum
887 2816 965 2889 erat3
987 2815 1164 2889 praetorem

149 2899 252 2956 autem
289 2896 337 2956 vel
373 2900 596 2974 recuperatores
632 2898 681 2959 vel
712 2898 841 2959 iudicem
872 2900 935 2962 sive
966 2902 1164 2978 peregrinum

149 2985 212 3046 sive
240 2985 336 3046 civem
359 2985 527 3046 Romanum
553 2985 624 3045 dere
648 2987 813 3062 oportebat.
858 2987 1162 3066 Gai.4,105.109.

148 3074 317 3150 exemplum
342 3073 692 3152 praebetGai.3‚120,
718 3077 771 3152 qui
797 3077 1045 3154 fidepromissoris
1072 3080 1163 3140 here·

149 3163 215 3222 dem
242 3181 303 3222 non
329 3162 426 3222 teneri
453 3163 510 3242 ait,
538 3157 607 3223 ‘nisi
631 3164 656 3224 si
680 3165 715 3224 de
738 3167 896 3244 peregrino
919 3166 1163 3244 fidepromissore

148 3269 327 3326 quaeramus
358 3254 389 3311 et
420 3252 480 3311 alio
512 3251 577 3311 iure
609 3253 715 3315 civitas
746 3255 809 3316 eius
836 3249 963 3316 utatur'.
1013 3257 1108 3317 etiam
1136 3258 1164 3318 si

148 3341 324 3416 peregrinus
351 3341 508 3418 peregrino
536 3341 651 3401 furtum
677 3343 788 3404 fecerat
809 3345 858 3405 vel
882 3345 1025 3404 damnum
1046 3346 1164 3407 iniuria

149 3425 447 3573 dfedppat,4actionem
464 3429 611 3507 denegare
630 3433 751 3506 praetor
767 3433 944 3511 peregrinus
960 3434 1012 3495 vix
1028 3438 1163 3511 poterat.

149 3531 187 3572 o.
234 3515 269 3574 ai.
309 3562 315 3587 ,
331 3520 380 3576 37.
