2512 3888
163 186 229 250 390
269 185 304 242 11.
331 185 398 242 TIB.
419 183 496 240 GAII
524 182 652 240 CLAUD.
671 181 808 240 NERON.
827 182 936 238 ΤΕΜΡ.
955 181 1051 238 IURIS
1074 180 1173 239 CONS.

163 355 235 414 dato
268 347 308 413 ‘ai
340 371 358 411 a
389 353 454 413 viro
487 344 672 414 divortiaeet'
704 343 752 431 (P.
784 345 872 432 469).
926 348 1173 428 quemadmodum

163 443 265 502 autem
294 441 493 502 Tribonianus
515 440 673 519 Pomponii
694 439 787 501 verba
813 437 1013 518 mutilaverit,
1040 439 1171 515 exemplo

163 531 236 590 lieet
258 531 473 593 demonstrare.
509 549 545 590 ex
567 528 724 606 Pomponii
747 528 824 589 libro
848 527 891 587 VI
915 529 950 588 de
974 546 1053 604 penu
1074 528 1173 607 legata

162 637 258 695 pauca
291 622 411 680 tantum
442 619 535 681 verba
567 621 686 680 servata
717 620 802 693 eunt,
832 617 864 677 in
891 616 978 676 Pauli
1005 635 1091 693 vero,
1123 616 1173 693 qui

162 706 357 784 Pomponium
385 711 537 769 auctorem
560 708 702 785 habebat,
723 705 901 784 fragmentis
924 706 1014 783 plura
1036 708 1068 765 et
1090 723 1172 766 aeon-

161 797 281 858 ratiora

207 930 363 1008 Pomponii
381 931 459 990 liber
477 929 522 989 VI
538 929 575 990 D.
591 932 643 1004 33,
740 928 854 990 Paulus
876 929 954 989 libro
974 928 1019 988 IV
1036 927 1073 988 D.
1084 930 1134 1006 33,
1146 931 1172 1001 9,

164 1022 281 1098 6,2pr.
306 1011 354 1101 (P.
379 1010 465 1101 500).
496 1050 537 1062 —
568 1017 643 1078 com
696 1020 765 1095 4,o
795 1012 843 1099 (P.
864 1009 974 1101 1676).
1003 1048 1045 1059 -
1072 1015 1103 1076 Si
1126 1018 1173 1078 oui

162 1107 216 1167 alii
233 1128 352 1185 penum,
370 1107 423 1166 alii
441 1108 544 1168 vinum
561 1108 642 1185 lega·
695 1125 790 1184 penus
813 1107 916 1185 legata
934 1106 975 1167 aii
992 1109 1114 1184 praetor
1131 1107 1174 1167 vi-

161 1199 228 1256 tum
247 1200 334 1275 esset,
353 1200 475 1273 excepto
494 1197 564 1257 vino
581 1216 643 1257 om·
695 1214 781 1272 num,
818 1197 915 1256 omnia
947 1214 1042 1272 penus
1073 1195 1174 1275 legata

162 1305 199 1345 ne
222 1305 333 1362 penum
355 1285 505 1345 adolium
524 1286 640 1363 legata·
695 1285 816 1373 videtur
847 1288 970 1362 excepto
1004 1283 1086 1360 vin03
1123 1286 1174 1344 sed

161 1375 241 1434 rium
263 1375 434 1453 pertinebit.
694 1373 720 1434 ai
743 1372 787 1433 ita
810 1373 956 1450 seriptum
979 1373 1019 1433 eit
1045 1367 1174 1434 ‘omnem

693 1482 804 1540 penum
826 1465 947 1538 praeter
968 1461 1074 1522 uinum
1095 1463 1174 1540 quod

693 1551 806 1612 Romae
821 1546 900 1628 erit’,
915 1551 979 1611 sola
990 1570 1085 1628 penua
1096 1569 1174 1628 quae

693 1640 805 1701 Rornae
836 1643 883 1700 est
913 1640 1016 1717 legata
1042 1640 1173 1717 videtur,

693 1733 724 1788 et
749 1728 795 1788 ita
824 1732 855 1788 et
882 1729 1064 1804 Pomponius
1094 1729 1172 1789 libro

693 1820 777 1878 sexto
801 1817 840 1876 ad
862 1817 1007 1877 Sabinum
1030 1817 1146 1878 aoribit.

249 1950 285 2010 In
308 1949 464 2026 Pomponii
492 1949 576 2009 libris
604 1950 679 2010 alias
701 1954 859 2028 praeterea
881 1949 983 2010 Sabini
1007 1951 1174 2012 sententiaa

160 2037 280 2098 nomine
313 2038 377 2098 eius
410 2042 545 2098 carentes
577 2037 675 2099 ineaae
704 2058 791 2099 nemo
817 2038 955 2116 negabit3
987 2058 1063 2117 quae
1090 2044 1174 2101 oerto

162 2128 316 2203 explorare
339 2126 428 2186 hodie
451 2127 501 2186 vix
524 2127 604 2204 lieet,
627 2127 804 2203 praesertim
828 2147 895 2188 oum
915 2127 1116 2188 Tribonianua
1136 2148 1174 2189 ne

160 2214 319 2291 Pomponii
341 2213 460 2292 quidem
483 2216 577 2276 uerba
598 2215 713 2276 intaeta
735 2216 898 2294 reliquerit.
938 2217 1051 2278 deleuit
1069 2221 1175 2277 autem

159 2307 258 2365 totum
281 2303 393 2363 librum
414 2303 558 2380 XXVIII,
584 2307 620 2363 ut
645 2305 682 2365 de
705 2309 882 2383 argumento
906 2306 971 2366 eiua
994 2323 1032 2365 ne
1055 2307 1175 2366 oonieo·

159 2397 230 2452 tura
253 2391 373 2469 quidem
396 2392 462 2452 fieri
482 2392 591 2470 possit,
614 2393 728 2455 delevit
749 2395 811 2455 fere
834 2398 934 2455 totum
957 2395 1068 2454 librum
1091 2394 1174 2473 XVI,

160 2501 218 2559 quo
242 2483 279 2542 de
303 2481 445 2542 aooietate
469 2482 627 2560 agebatur,
653 2483 738 2544 ouius
761 2502 856 2543 unum
879 2486 998 2544 tantum
1021 2484 1174 2562 fragmen·

159 2574 226 2630 tum
253 2571 366 2649 recepit
394 2563 441 2652 (P.
460 2564 553 2654 577),
580 2571 653 2633 item
679 2574 741 2632 fere
766 2575 848 2634 totos
871 2573 964 2634 libros
986 2572 1055 2649 XX,
1077 2573 1174 2649 XXV,

159 2659 266 2739 XXXI,
290 2660 400 2739 quibus
419 2661 455 2721 de
474 2661 581 2722 damno
599 2662 719 2740 infeoto,
742 2661 780 2722 de
797 2661 957 2722 uerborum
977 2661 1175 2738 obligatione,

157 2749 195 2809 de
219 2750 263 2810 rei
284 2750 500 2826 vindicatione,
522 2754 558 2810 ut
582 2750 712 2827 videtur,
741 2751 943 2827 tractabatur,
972 2768 1100 2827 quorum
1124 2751 1178 2810 vel

158 2842 305 2916 quattuor
322 2839 370 2898 vel
389 2838 448 2898 tria
466 2840 636 2914 fragmenta
651 2835 697 2916 (P.
713 2841 898 2900 ete-679.
915 2830 1105 2920 754-756)
1125 2840 1177 2899 vel

159 2929 273 3004 septem
293 2929 413 2987 tantum
429 2945 535 2987 versus
550 2926 661 2986 servati
676 2930 747 2986 aunt
760 2923 807 3004 (P.
824 2918 1023 3007 717-719).
1059 2927 1178 2988 delevit

158 3015 441 3076 iurisconsultorum
456 3013 641 3093 quorundam
655 3016 704 3075 vel
721 3015 834 3092 placita
851 3017 901 3077 vel
913 3016 1043 3092 nomina,
1058 3034 1177 3078 sermo-

158 3104 207 3163 nis
229 3104 347 3164 ratione
370 3104 516 3182 neglectu,
539 3103 585 3163 itu
603 3106 639 3164 ut
657 3103 732 3165 talia
749 3105 890 3182 legantur
908 3105 940 3167 P.
956 3106 1021 3166 390
1040 3101 1081 3180 ἐξ
1097 3107 1128 3165 3.
1139 3107 1178 3165 4:

159 3186 231 3252 ‘Sed
260 3193 286 3252 ei
309 3192 364 3251 aub
389 3191 560 3251 condicione
584 3192 651 3269 quia
674 3195 760 3254 heres
782 3195 940 3254 institutus
964 3195 1004 3254 ait
1027 3198 1058 3254 et
1078 3212 1179 3271 grave

158 3299 210 3340 aes
242 3281 373 3340 alienum
407 3280 459 3357 ait,
491 3281 571 3358 quod
604 3300 640 3341 ox
670 3300 769 3359 poena
796 3283 903 3344 oreaeit
930 3285 961 3342 et
988 3281 1118 3342 maxime
1150 3282 1180 3343 ai

159 3367 314 3442 publicum
337 3367 472 3427 debitum
494 3370 644 3447 imminet,
672 3389 727 3447 par
749 3375 974 3446 procuratorem
997 3371 1180 3432 solvendum

158 3472 210 3514 aee
241 3456 385 3533 alienum,
418 3456 507 3516 aienti
539 3477 605 3519 oum
640 3463 744 3519 venter
777 3460 808 3518 in
834 3459 1021 3536 possessione
1049 3460 1090 3520 ait
1119 3464 1179 3521 aut

158 3541 293 3616 pupillus
316 3544 403 3602 heres
426 3547 559 3606 tutorem
582 3566 642 3606 nou
664 3546 782 3608 babeat.
824 3552 860 3608 ot
881 3548 961 3608 ideo
985 3548 1038 3607 ait
1061 3566 1178 3610 causae
