2568 3890
141 185 206 250 268
242 187 264 240 Ι.
288 185 443 241 AETATIS
461 185 620 242 AUGUSTI
639 186 684 241 ET
702 186 837 242 TIBERII
855 188 952 243 IURIS
972 187 1152 245 CONSULTI

140 357 201 414 iam
228 355 301 414 lata.
346 375 405 432 qua
432 356 499 433 lege
522 356 667 415 minorem
689 355 818 434 triginta
840 374 986 416 annorum
1009 359 1152 417 ancillam
1275 421 1279 425 ,

143 444 374 503 manumittendi
405 445 487 504 insta
521 463 611 504 causa
639 444 879 523 existimabatur,
913 447 938 505 si
965 446 1153 507 matrimonii

143 552 234 594 causa
251 533 522 592 manumitteretur.
559 532 663 609 Gaii,
677 537 724 594 19.
762 533 863 609 itaque
883 553 972 611 quam
991 534 1075 594 litem
1095 535 1152 594 Ca·

142 623 206 700 pito
238 622 341 684 consul
368 622 421 681 illo
449 621 568 682 decreto
597 622 730 700 diremit,
763 641 799 681 ea
825 622 904 682 inter
931 628 1091 700 patronum
1121 629 1153 684 et

142 712 283 771 libertam
315 730 374 770 non
406 710 590 770 matrimonii
623 729 712 771 causa
739 713 954 771 manumissam
982 715 1049 772 orta
1077 717 1152 773 erat.

143 802 223 879 quod
250 799 401 859 decretum
425 799 543 858 videtur
569 800 617 858 ius
640 799 755 860 fecisse.
806 802 886 859 certe
914 802 1060 860 notabilia
1083 820 1153 863 con-

142 891 242 950 sulum
260 889 381 948 decreta
393 888 519 948 collecta
533 907 597 947 esse
610 887 792 963 Pomponius
807 889 893 949 docet
908 881 958 969 (D.
975 892 1025 967 29,
1041 895 1070 969 2,
1086 883 1153 972 99).

142 981 179 1039 cf.
202 979 281 1038 infra
304 977 384 1052 apud
403 977 583 1038 Aristonem.

362 1207 418 1266 ΙΠ.
446 1207 494 1266 De
517 1208 594 1266 iure
616 1207 814 1284 pontificio
837 1209 933 1270 libri.

230 1335 299 1394 Non
326 1332 425 1390 minus
453 1350 543 1409 quam
569 1335 683 1407 septem
706 1331 798 1391 libros
823 1333 949 1409 scripsit.
997 1334 1032 1392 de
1056 1333 1153 1394 Labe·

143 1425 208 1485 onis
231 1422 362 1482 eiusdem
388 1421 557 1496 argumenti
580 1420 664 1480 libris
687 1441 715 1479 v.
735 1439 825 1496 supra
843 1442 872 1496 p.
893 1424 934 1482 74
946 1441 1009 1499 sqq.
1046 1423 1154 1483 horum

144 1533 268 1589 operum
300 1510 450 1586 propriam
480 1509 611 1569 indolem
639 1509 809 1569 accuratius
838 1509 960 1570 definire
987 1530 1046 1571 non
1073 1512 1153 1573 licet.

144 1602 251 1678 Capito
282 1601 410 1659 fortasse
447 1598 540 1658 libros
577 1599 746 1674 composuit
779 1601 940 1676 postquam
973 1598 1154 1661 Octavianus

144 1690 302 1769 Augustus
316 1687 451 1766 pontifex
464 1688 612 1746 maximus
626 1688 724 1746 factus
740 1691 794 1760 est,
808 1686 840 1747 id
853 1692 900 1747 est
910 1691 980 1764 post
990 1708 1014 1747 a.
1027 1684 1153 1768 amsla

144 1781 164 1839 J
166 1799 231 1840 oers
250 1777 437 1853 Reslencycl.
452 1776 483 1835 Π
502 1797 528 1852 p.
548 1777 632 1836 1908
657 1777 712 1835 ait:
737 1770 790 1836 ‘Es
808 1776 849 1836 ist
867 1777 951 1836 nicht
968 1778 1154 1856 undenkbar‚

144 1870 213 1928 dass
233 1867 339 1942 Capito
361 1867 441 1926 seins
461 1864 587 1924 Studien
605 1865 651 1924 bis
671 1867 727 1924 auf
742 1866 788 1924 die
808 1864 960 1944 Urquelle,
984 1866 1037 1926 das
1055 1869 1155 1943 ponti·

143 1957 229 2016 ficale
256 1956 382 2029 Archiv,
413 1954 601 2029 ansgedehnt
628 1948 701 2012 hat’.
748 1952 904 2013 Octaviani
932 1955 1027 2031 ipsius
1055 1958 1154 2017 aetate

145 2045 298 2121 Capitonis
321 2044 406 2102 libris
429 2062 502 2101 usus
526 2047 572 2101 est
596 2043 718 2102 Verrius
742 2043 874 2102 Flaccus.

233 2133 358 2192 Praeter
385 2151 421 2190 ea
447 2132 629 2208 fragmenta,
657 2150 734 2208 quae
762 2131 901 2208 Capitoni
929 2133 1040 2192 diserte
1068 2134 1154 2193 attri-

144 2223 291 2296 buuntur,
319 2221 379 2278 alia
405 2238 465 2278 non
491 2238 588 2296 pauca
615 2220 696 2296 apud
719 2220 841 2280 Festum
865 2221 999 2280 extantia
1022 2221 1154 2282 eiusdem

145 2311 242 2388 operis
279 2327 342 2369 esse
370 2309 403 2366 R.
427 2308 627 2368 Reitzenstein
657 2308 711 2368 illo
743 2329 832 2384 quem
860 2329 952 2386 supra
983 2331 1011 2386 p.
1036 2313 1054 2370 5
1088 2312 1153 2371 lau-

145 2401 281 2459 davimus
309 2397 386 2457 libro
414 2397 605 2475 sagacissime
629 2397 742 2470 docuit,
770 2400 854 2458 cuius
878 2401 1154 2477 argumentationes

144 2489 249 2566 paucis
277 2488 455 2546 adumbrare
483 2487 579 2546 liceat.
626 2485 656 2546 C.
681 2485 715 2546 0.
738 2487 865 2546 Mueller
893 2506 960 2546 cum
987 2490 1152 2548 rectissime

145 2577 407 2638 animadvertisset
442 2577 474 2634 in
511 2576 648 2637 omnibns
680 2578 743 2635 fere
774 2575 884 2636 litteris
918 2577 1051 2636 Festiani
1084 2579 1155 2637 libri

144 2668 230 2728 binas
254 2665 415 2725 internosci
437 2668 548 2742 partes,
572 2685 700 2740 quarum
722 2665 754 2724 in
777 2666 880 2724 alteris
903 2665 1069 2742 iisdemque
1092 2655 1155 2726 mal

144 2758 259 2816 ionibus
281 2757 424 2814 lemmata
446 2753 607 2814 secundum
630 2754 758 2830 primam
782 2773 816 2814 ao
839 2755 999 2814 secundam
1021 2757 1070 2815 vel
1093 2751 1154 2815 terss

145 2845 218 2904 tiam
238 2863 356 2922 qnoque
374 2843 508 2902 litteram
527 2843 606 2900 inter
624 2860 655 2900 se
675 2843 831 2919 excipient,
850 2843 881 2900 in
899 2843 1003 2903 alteris
1023 2845 1154 2905 secunda

146 2954 181 2995 ac
203 2933 294 2993 tertia
316 2933 524 3009 neglegantur,
546 2930 726 3005 posteriores
749 2935 850 3006 partes
872 2949 931 2990 non
955 2932 1060 2992 Verrio
1085 2953 1155 2993 anc-

146 3024 214 3101 tori‚
238 3021 290 3082 sed
309 3021 399 3079 Festo
418 3018 595 3094 assignavit.
632 3019 679 3078 cui
698 3019 839 3096 quoniam
858 3019 978 3096 quidam
996 3022 1056 3082 viri
1075 3023 1156 3082 docti

146 3113 214 3188 plns
245 3111 382 3169 minusve
413 3107 592 3184 adstipulati
620 3111 703 3184 sunt,
736 3108 937 3168 Reitzenstein
965 3111 1062 3186 primo
1090 3112 1157 3172 illo·

146 3221 214 3260 rum
232 3199 395 3258 sententias
413 3196 575 3256 luculentis
594 3199 778 3276 argumentis
796 3197 955 3276 impugnat
969 3192 1009 3277 (p.
1022 3192 1156 3283 7-29),

147 3289 253 3348 deinde
278 3307 344 3347 cum
368 3285 547 3362 quibusdam
566 3287 736 3364 glossarum
756 3286 909 3346 ordinibus
928 3286 1008 3347 inter
1026 3306 1057 3347 se
1076 3307 1156 3348 com·

146 3377 261 3453 paratis
284 3375 376 3435 Hertz
400 3374 502 3434 Sinnio
526 3373 678 3452 Capitoni,
705 3375 850 3435 Mercklin
875 3375 1002 3436 Varroni
1030 3396 1086 3437 sua
1108 3397 1156 3437 re·

148 3465 310 3535 stituerint‚
334 3465 398 3541 ipse
422 3483 538 3541 quoque
562 3464 709 3524 eiusmodi
729 3467 827 3526 certos
846 3465 964 3525 ordines
983 3465 1156 3542 complexus

149 3553 245 3628 primo
269 3553 389 3629 quidem
412 3553 468 3612 hoc
491 3553 665 3628 comprobat
684 3546 726 3633 (p.
742 3547 813 3636 28):
837 3549 907 3612 ‘Wo
930 3554 1036 3613 immor
1059 3587 1102 3597 -
1125 3556 1158 3616 in
