2580 3888
429 200 453 248 2.
477 193 662 248 MASURIUS
682 194 835 249 SABINUS
1074 193 1136 257 357

58 385 59 388 ’
132 380 191 438 que
214 379 318 420 censeo
342 361 523 438 cogitatione
550 361 582 420 id
609 361 689 438 quod
714 363 846 438 proxime
869 362 1021 439 praecedit
1043 365 1138 439 pater.

128 469 227 525 neque
255 450 333 508 enim
362 451 519 509 serendum
547 453 593 510 est
620 451 700 527 quod
728 451 829 526 posuit
856 450 996 528 Ozyhlarz
1020 444 1138 532 (Detul-

127 533 368 617 rechtp.-181)
399 538 503 598 eodem
530 558 620 598 versu
648 540 789 598 maritum
817 540 948 616 primum
971 541 1138 616 significare

128 646 279 703 socerum,
303 627 408 686 deinde
431 647 587 705 generum,
618 647 798 705 quamquam
825 629 856 686 in
883 649 915 687 re
943 628 1008 704 ipsa
1033 649 1138 691 verum

127 709 226 776 vidit?
263 720 295 776 st
313 717 407 775 Lenel
425 717 457 776 P.
474 720 575 776 monet
593 710 676 776 ‘cave
695 716 768 793 quid
786 712 905 776 mutes'.

220 805 285 875 ltb.
321 808 360 873 D.
380 809 431 891 23,
446 809 475 890 3,
490 810 541 875 34.
581 806 670 872 Idem
695 806 753 896 (sc.
777 806 951 893 Ulpianus)
976 809 1060 872 libro
1083 809 1138 872 tri-

130 898 277 982 gensimo
297 898 393 962 tertio
418 898 457 962 ad
478 896 634 962 Sabinum
658 895 707 984 (P.
722 895 850 983 2903b).
874 934 916 944 -
939 897 1044 961 Mater
1068 919 1139 962 cum

130 987 217 1050 filiae
236 1009 350 1052 aurum
369 987 510 1051 dedisset
528 987 691 1071 utendum,
716 992 807 1070 pater
826 987 950 1070 puellae
969 987 1001 1049 id
1026 1008 1139 1050 aurum

128 1077 163 1139 in
199 1075 310 1140 dotem
348 1077 417 1140 viro
456 1076 623 1160 adpendit;
664 1076 736 1140 dein
772 1081 900 1140 mortua
942 1081 992 1139 est
1027 1081 1140 1138 mater.

129 1162 291 1248 (Sabinus
318 1164 521 1248 respondit>
552 1166 579 1229 si
606 1165 708 1230 inscia
735 1165 878 1229 invitare
906 1186 1005 1228 uxore
1033 1164 1080 1227 vir
1108 1164 1141 1227 id

130 1275 245 1318 aurum
273 1254 306 1316 in
335 1253 443 1317 dotem
472 1253 623 1337 dedisset,
656 1275 781 1318 manere
813 1254 845 1318 id
873 1275 987 1317 aurum
1014 1252 1141 1316 heredis

130 1343 245 1406 matris
268 1341 488 1425 vindicarique
513 1361 603 1424 posse
630 1348 663 1406 et
690 1366 727 1407 eo
756 1344 911 1407 minorem
940 1341 1048 1406 dotem
1071 1343 1140 1405 viro

130 1431 240 1494 datam
265 1452 343 1494 esse.

220 1524 434 1599 Tribonianus,
469 1543 558 1599 quem
584 1524 677 1582 verba
704 1517 843 1583 ‘Sabinus
873 1517 1037 1600 respondit’
1066 1523 1142 1582 dele·

130 1612 209 1673 visse
238 1615 321 1689 puto,
351 1631 491 1689 perverse
522 1611 654 1687 scripsit:
686 1606 728 1670 ‘in
758 1613 859 1671 dotem
882 1613 1021 1689 dedisset,
1040 1616 1142 1672 manet

130 1749 136 1762 .
153 1747 160 1760 .
176 1748 182 1760 .
198 1700 402 1777 vindicarique
416 1703 518 1776 potest
528 1705 558 1759 et
573 1747 579 1758 .
595 1702 733 1760 ..datum
747 1719 810 1760 esse
825 1695 961 1777 placuit’.
985 1701 1076 1761 verba
1090 1703 1142 1778 ita,

129 1794 167 1850 ut
190 1809 281 1867 supra
304 1790 418 1849 facturn
441 1793 500 1866 est,
528 1788 679 1848 reddenda
702 1808 765 1848 esse
789 1793 942 1848 structura
968 1790 1142 1865 posterioris

130 1879 284 1940 enuntiati
313 1878 409 1954 partis
437 1880 531 1939 docet.
570 1879 698 1938 secundo
729 1880 785 1938 hoc
815 1879 985 1956 fragmento
1017 1879 1142 1938 eandem

131 1968 261 2045 speciem
282 1968 388 2026 referri
412 1987 486 2044 quae
508 1967 603 2044 priori
626 1970 657 2026 et
680 1967 800 2045 quidem
819 1968 987 2026 accuratius
1006 1969 1140 2044 apparet.

222 2062 272 2126 18.
304 2059 343 2124 D.
358 2060 410 2139 24,
425 2062 455 2145 3,
468 2059 520 2125 59.
566 2059 710 2125 Iulianus
739 2061 823 2125 libro
854 2062 993 2125 secundo
1019 2061 1059 2124 ad
1082 2060 1141 2126 Ur-

131 2149 234 2215 seium
258 2148 414 2214 Ferocem
437 2149 486 2234 (P.
502 2147 590 2235 895).
615 2185 656 2196 —
680 2149 783 2214 Filiae
806 2172 897 2215 meae
921 2151 1141 2234 emancipatae
1266 2174 1268 2178 ·

132 2242 165 2304 et
192 2259 306 2323 aegrae
334 2238 383 2302 vir
409 2238 443 2302 in
472 2238 533 2303 hoe
560 2238 729 2324 repudium
758 2240 859 2322 misit,
887 2243 924 2303 ut
952 2244 1078 2304 mortua
1105 2261 1142 2302 ea

131 2328 239 2392 dotem
276 2325 385 2411 potius
420 2327 592 2391 heredibus
630 2329 699 2392 eius
737 2349 833 2411 quam
870 2328 952 2392 mihi
987 2328 1141 2393 redderet.

132 2414 271 2480 Sabinus
308 2416 436 2481 dicebat
473 2417 551 2480 utile
588 2416 668 2480 mihi
690 2416 766 2498 eius
798 2417 884 2481 dotis
916 2418 1141 2501 reciperandae

130 2503 284 2569 iudicium
308 2505 448 2569 dandum
473 2526 551 2569 esse.

467 2650 619 2710 Comnarni
640 2651 806 2710 dividundo.

222 2763 270 2827 19.
310 2760 348 2826 D.
366 2761 417 2842 10,
431 2761 460 2839 3,
475 2763 505 2842 6,
519 2762 549 2825 4.
598 2759 757 2844 Ulpianus
790 2761 873 2824 libro
905 2781 990 2824 nono
1019 2761 1141 2825 decimo

132 2852 172 2917 ad
208 2851 348 2917 edietum
380 2849 429 2936 (P.
456 2847 559 2937 essi).
593 2888 633 2896 —
664 2855 756 2914 ..et
785 2853 915 2933 parturn
947 2850 1054 2914 venire
1085 2849 1142 2934 (sc.

130 2947 207 3026 post
234 2944 399 3024 acceptum
428 2940 591 3004 communi
614 2939 787 3004 dividundo
811 2935 980 3025 iudicium)
1005 2937 1142 3003 Sabinus

132 3035 166 3095 et
188 3029 363 3096 Atilicinus
386 3029 630 3111 responderunt.

220 3121 271 3184 20.
302 3116 465 3199 luisse.
489 3151 529 3163 —
555 3122 641 3183 ..et
674 3118 889 3182 accessionem
921 3120 954 3180 et
987 3115 1142 3181 decessio·

130 3229 205 3273 nem
228 3208 290 3272 hoc
312 3207 465 3272 iudicium
489 3207 631 3290 accipere
655 3206 740 3270 idem
765 3206 1040 3270 existimaverunt.

389 3354 436 3412 De
452 3355 633 3427 possessione
656 3357 682 3410 ct
702 3355 885 3426 usucapione.

221 3466 272 3529 21.
306 3465 344 3529 D.
358 3465 410 3545 41,
426 3464 456 3546 2,
470 3465 500 3546 3,
517 3463 566 3528 18.
605 3461 724 3527 Paulus
748 3464 829 3527 libro
853 3463 1142 3549 quinquagensimo

132 3557 248 3640 quarto
278 3554 317 3618 ad
346 3553 483 3617 edictum
512 3550 561 3639 (P.
581 3549 670 3636 658).
698 3589 740 3598 -
769 3549 803 3616 Si
830 3575 898 3618 rem
927 3554 1012 3638 apud
1035 3558 1068 3619 te
1091 3555 1143 3618 de·
