2568 3890
452 173 477 224 8.
501 169 530 224 C.
548 167 678 223 ATTIUS
697 168 827 224 CAPlTO
1082 165 1147 230 263

138 337 303 397 Frontinus
335 357 359 397 c.
381 340 420 397 97
449 337 581 396 rettulit:
613 336 704 395 etiam
735 339 894 413 postquam
920 355 969 396 res
996 337 1035 396 ed
1063 354 1148 395 cura-

138 429 221 486 tores
243 427 415 486 transiisset
438 427 496 485 snb
513 426 654 503 Augusto
672 415 758 506 (ergo
778 422 922 500 Capitone
944 425 1009 502 ipso
1028 444 1147 503 quoque

139 509 304 594 curatore),
332 515 444 575 circum
473 514 634 573 maximum
662 532 699 572 ne
728 513 832 572 diebus
860 513 979 590 quidem
1006 515 1147 574 ludorum

140 604 316 664 circensium
343 603 465 682 irrigari
487 603 546 662 nisi
569 602 712 661 aedilium
736 603 790 661 aut
813 619 965 661 censorum
990 603 1146 678 permissu.

227 692 351 752 Tacitus
364 693 400 752 de
415 711 492 752 anno
507 685 622 770 wallo
638 691 711 750 haec
724 690 817 749 refert
827 681 871 771 (l,
884 693 934 752 76.
946 689 1015 771 79);
1031 685 1147 752 ‘eodem

143 799 219 841 anno
238 781 388 841 continuis
407 777 554 840 imbribus
574 783 681 839 auctus
697 778 814 839 Tiberis
828 778 918 854 plana
930 777 1014 838 urbis
1028 782 1147 858 stagna

140 873 237 946 vcrat3
268 871 453 930 relabentem
486 873 589 930 secuta
615 873 663 928 est
695 867 900 927 aedificiorum
931 869 962 926 et
993 867 1147 928 hominum

141 960 266 1035 strages.
312 960 408 1038 igitur
431 958 547 1019 censuit
570 958 694 1018 Asinius
718 956 831 1034 Gallus,
857 959 893 1015 ut
915 956 985 1015 libri
1007 955 1148 1032 Sibyllini

140 1045 300 1109 adirentur.
354 1049 456 1108 renuit
488 1047 627 1108 Tiberius
663 1045 792 1124 perinde
827 1045 929 1105 divina
959 1045 1148 1122 humanaque

140 1134 295 1215 obtegens,
319 1139 369 1197 sed
394 1137 559 1197 remedium
578 1135 732 1196 coercendi
750 1135 881 1194 fluminis
900 1134 989 1193 Ateio
1010 1133 1148 1210 Capitoni

140 1226 172 1283 et
194 1223 226 1285 L.
249 1219 613 1287 Arruntio‘mandatum'.
660 1219 771 1284 ‘actum
795 1223 900 1283 deinde
922 1223 955 1282 in
978 1229 1086 1282 senatu
1109 1222 1147 1282 ab

138 1312 285 1373 Arruntio
302 1318 333 1374 et
352 1315 450 1390 Ateio,
469 1333 508 1373 an
527 1315 564 1374 ob
583 1313 779 1374 moderandas
796 1311 913 1371 Tiberis
933 1311 1147 1372 exundationes

139 1405 330 1460 verterentur
351 1402 475 1462 flumina
497 1407 528 1462 et
551 1403 644 1477 lacus,
670 1421 724 1477 per
746 1420 821 1480 quos
845 1401 989 1479 augescit,
1013 1399 1147 1461 auditae·

140 1507 198 1564 que
229 1490 457 1566 municipiorum
489 1496 520 1550 et
554 1491 736 1550 coloniarum
773 1491 954 1569 legationes,
991 1490 1147 1550 orantibus

139 1576 332 1654 Florentinis,
365 1598 403 1638 ne
431 1577 532 1639 Clanis
566 1579 654 1638 solito
687 1579 772 1637 alveo
805 1580 941 1640 demotus
968 1579 1000 1638 in
1028 1597 1147 1638 amnem

138 1664 256 1726 Arnum
278 1663 494 1728 transferretur
515 1668 604 1745 idque
626 1667 700 1743 ipsis
720 1667 883 1743 perniciem
900 1668 1040 1727 adferret.
1078 1687 1146 1728 oon-

138 1755 279 1830 gruentia
295 1756 342 1815 hie
361 1756 579 1817 Interamnates
598 1756 778 1832 disseruere,
796 1774 916 1831 pessum
934 1756 1030 1815 ituros
1044 1756 1146 1816 fecun-

139 1843 277 1904 dissimos
295 1845 402 1905 Italiae
421 1864 549 1923 campos,
569 1845 594 1906 si
613 1845 708 1904 amnis
722 1844 786 1904 Nar·
805 1835 851 1926 (id
868 1845 948 1904 enirn
966 1840 1146 1927 parabatur)

138 1931 171 1990 in
192 1933 273 1992 rivos
296 1935 435 1994 diductus
459 1934 760 2013 snperetagnavisset.
794 1952 850 1993 nec
866 1934 986 1993 Reatini
1009 1934 1146 2011 silebant,

135 2020 281 2082 Velinum
312 2025 425 2100 lacum,
458 2043 518 2101 qua
549 2024 580 2083 in
606 2023 718 2083 Narem
750 2023 925 2101 effunditur,
957 2023 1073 2083 obstrui
1098 2044 1146 2083 re-

138 2115 287 2183 cusantes,
313 2113 423 2189 quippe
446 2113 477 2172 in
500 2112 668 2173 adiacentia
690 2116 876 2188 erupturum.
912 2115 1035 2189 optume
1055 2113 1146 2173 rebus

137 2200 311 2260 mortalium
334 2202 518 2262 consuluisse
541 2205 689 2278 naturam,
713 2220 789 2279 quae
814 2221 870 2261 sua
891 2220 945 2262 ora
962 2201 1147 2281 fluminibus,

136 2305 207 2348 suos
226 2307 341 2365 cursus,
362 2293 457 2368 utque
475 2291 621 2368 originem
644 2291 688 2350 ita
710 2291 784 2350 fines
808 2291 931 2350 dederit.
968 2293 1145 2368 spectandae

12 2362 15 2404 '5
137 2377 229 2436 etiam
260 2379 421 2453 religiones
452 2381 612 2456 maiorum,
644 2379 695 2457 qui
727 2397 812 2438 sacra
843 2384 874 2440 et
904 2380 989 2440 lucos
1019 2384 1050 2440 et
1077 2399 1145 2441 aras

135 2466 242 2542 patriis
275 2466 412 2526 amnibus
445 2468 618 2529 dicaverint.
669 2467 740 2544 quin
772 2467 871 2542 ipsum
901 2467 1034 2527 Tiberim
1064 2469 1145 2530 nolle

135 2573 258 2630 prorsus
281 2557 390 2616 accolis
413 2557 514 2616 fluviis
538 2557 678 2617 orbatum
701 2555 815 2614 minore
837 2556 935 2632 gloria
952 2556 1052 2616 fluere.
1090 2576 1145 2618 seu

135 2661 239 2718 preces
262 2645 447 2705 coloniarum
473 2664 526 2705 seu
549 2645 712 2704 difficultas
735 2662 859 2721 operum
882 2644 945 2705 sive
967 2647 1144 2720 superstitio

135 2732 241 2808 valuit,
263 2736 299 2792 ut
321 2734 352 2792 iu
376 2735 556 2794 sententiam
575 2732 627 2794 Cn.
646 2733 761 2793 Pisonis
785 2732 1005 2806 concederetur,
1029 2735 1082 2810 qui
1100 2735 1144 2794 nil

29 2859 31 2864 -
134 2821 314 2882 mutandum
336 2817 513 2883 censuerat'.

224 2909 334 2970 Iisdem
356 2912 483 2972 fortasse
506 2912 581 2988 illie,
607 2911 643 2972 de
666 2911 776 2988 quibus
795 2911 919 2972 Tacitus
941 2915 1053 2984 narrat,
1076 2930 1144 2971 con-

17 3051 18 3074 ,
134 2997 229 3058 tinnis
247 2999 394 3061 imbribus
416 3000 550 3061 Labeoni
573 3001 687 3061 occasio
711 3003 783 3060 data
805 3004 852 3060 est
873 2999 1072 3077 respondendi
1094 3001 1144 3060 vel

17 3081 18 3086 ’
133 3088 284 3252 ἓοτὲἶθῃθῖἰ
297 3088 510 3254 pde21a,5eediiioio
539 3090 670 3166 collapso
698 3081 749 3169 (D.
766 3092 816 3168 19,
832 3092 860 3165 2,
876 3085 941 3170 57).
987 3091 1033 3150 cf.¹
1052 3107 1144 3166 supra

224 3444 268 3502 De
287 3443 426 3504 Labeone
450 3447 481 3504 et
503 3443 646 3520 Capitone
666 3444 814 3504 disserens
833 3444 955 3506 Tacitus
973 3466 1040 3506 ann.
1056 3448 1085 3524 3,
1100 3449 1141 3507 75

133 3532 189 3592 ait:
217 3525 283 3591 ‘illa
306 3536 390 3592 aetas
414 3533 472 3593 duo
490 3533 572 3609 pacis
591 3533 697 3594 decora
716 3533 806 3592 simul
824 3533 968 3596 tulit...
988 3534 1143 3612 Capitonis
