2506 3880
355 188 380 236 7.
403 180 442 234 11.
456 179 652 235 ANTISTIUS
669 180 790 236 LABEO
1015 180 1079 245 169

70 350 161 410 tabeo
191 351 236 409 ait
340 369 398 426 ego
425 343 512 424 puto'
540 349 576 406 D.
597 351 648 423 29,
668 351 698 422 2,
719 350 760 406 62
783 347 816 407 P.
838 349 917 421 166,
948 348 1026 408 libro
1047 349 1080 408 Π

71 434 175 498 ‘Labeo
279 441 380 515 00101,
399 437 452 496 sed
469 439 579 497 rectius
597 432 726 496 dicetur'
744 438 842 514 1233,
859 442 888 504 1,
905 440 944 497 17
963 436 1081 514 P.174,

71 529 140 588 libro
155 528 186 584 V
206 523 313 604 ‘putat
331 576 337 586 .
353 574 360 586 .
375 572 383 585 .
401 526 502 586 Labeo
521 572 527 585 .
544 573 572 586 ..
592 545 648 604 ego
666 519 753 603 puto'
771 527 808 586 D.
819 529 847 600 8,
865 529 946 603 1,20
963 527 995 585 P.
1007 529 1081 604 206,

70 612 177 678 ‘Iubeo
209 620 243 676 et
266 614 429 674 Trebatius
452 619 565 693 negant
661 631 719 694 ego
742 619 847 674 eontra
868 609 955 690 puto'
978 614 1014 673 D.
1032 618 1082 693 18,

73 710 97 782 1,
116 710 156 765 19
187 705 223 764 P.
245 706 326 776 207,
354 704 432 762 libro
454 703 498 762 IX
525 698 628 782 ‘negat
654 703 835 780 Labeo...,
862 705 942 778 qnod
970 705 1082 764 falsum

69 791 149 870 puu'
176 795 217 853 D.
232 796 289 870 47,
306 796 356 867 10,
370 794 413 851 44
435 793 468 852 Ρ.
483 795 557 852 232.

147 885 201 942 Ex
233 884 287 959 iis,
319 883 372 958 qni
402 884 472 957 post
497 881 667 942 Labeonem
693 881 891 958 seripserunt,
921 879 1082 940 Iavolenus

68 990 285 1049 nonnunquam
298 971 466 1028 Masurinm
480 970 624 1029 Sabinum
646 973 767 1028 seoutus
785 972 832 1028 est
849 962 900 1047 (D.
914 970 965 1045 19,
975 971 1003 1042 2,
1014 963 1082 1048 59),

67 1063 195 1121 maxime
219 1078 295 1119 vero
314 1058 476 1118 Proculum
494 1052 546 1139 (0.
561 1061 613 1135 20,
628 1061 656 1136 2,
672 1061 722 1118 02.
742 1061 794 1136 32,
810 1060 883 1132 100,
899 1059 925 1116 2.
942 1059 970 1116 0.
985 1059 1037 1129 35,
1053 1062 1082 1134 1,

69 1153 114 1226 40,
128 1153 159 1211 5.
181 1151 240 1208 24.
261 1153 290 1221 1,
306 1149 357 1207 64.
376 1150 427 1221 29,
442 1150 471 1206 2.
491 1142 556 1227 60).
606 1147 699 1205 semel
729 1150 834 1206 eontra
860 1146 1022 1205 Proculum
1051 1150 1082 1204 01

69 1239 242 1300 Labeonem
262 1237 397 1296 Trebatii
415 1237 593 1295 senteutiam
611 1235 721 1310 probat
740 1230 790 1309 (D.
803 1239 855 1310 26,
865 1238 895 1308 2,
906 1228 971 1312 33),
990 1235 1083 1294 semel

70 1328 204 1387 eiusdem
222 1325 404 1385 sententiam
423 1330 528 1384 eontra
545 1324 715 1384 Labeonem
733 1316 785 1404 (D.
800 1327 851 1401 28,
867 1315 973 1405 8,11),
992 1323 1082 1382 semel

72 1417 198 1493 denique
236 1415 330 1472 etiam
362 1414 528 1473 Tuberonis
564 1413 743 1472 sententiam
780 1417 885 1472 oontm
915 1413 1083 1471 Labeonem

73 1502 117 1580 (D.
133 1507 187 1578 32,
205 1506 258 1578 29,
272 1496 318 1582 4).
355 1506 480 1578 apparet
501 1503 596 1580 igitur
617 1502 791 1560 Iauolenum
812 1502 892 1561 notis
916 1521 934 1560 0
955 1500 1082 1560 Proculo

73 1595 106 1652 ad
127 1592 283 1653 Labeonis
306 1592 399 1650 libros
422 1593 601 1667 posteriores
624 1591 713 1649 fastis
735 1608 824 1650 usum
847 1608 920 1648 esse.

159 1859 212 1918 Ad
239 1857 388 1917 Labeonis
418 1856 511 1917 libros
540 1860 628 1916 notas
656 1857 841 1933 seripserunt
868 1859 988 1932 praeter
1014 1855 1085 1914 Pro·

74 1949 172 2007 enlum
193 1947 299 2006 Aristo
317 1949 348 2004 et
364 1944 470 2004 Aulus.
506 1945 543 2005 de
556 1945 684 2005 Proculo
703 1946 777 2004 haee
795 1945 952 2004 habemus:
971 1945 1085 2004 Paulus

74 2037 158 2096 libris
182 2036 221 2094 01
246 2035 376 2094 edietum
393 2027 444 2111 (D.
460 2036 510 2106 17,
526 2037 555 2111 2,
571 2037 621 2122 65,
637 2025 671 2116 5)
696 2035 739 2094 011
757 2029 868 2094 ‘Labeo
888 2078 939 2096 ...
957 2037 1084 2110 posteri-

74 2146 159 2185 orum
182 2124 270 2183 libris
293 2123 414 2182 scribsit
432 2170 439 2183 .
454 2168 460 2180 .
476 2169 483 2182 .
501 2123 647 2183 Proculus
674 2125 729 2184 boo
751 2124 797 2182 110
818 2142 922 2183 verum
945 2143 1010 2183 0000
1032 2125 1085 2202 011,

74 2207 181 2276 01...’
201 2231 297 2289 aeque
314 2211 462 2288 Ulpianus
480 2212 565 2271 libris
587 2213 626 2271 ed
645 2211 788 2271 Sabinum
808 2204 860 2293 (D.
875 2215 902 2285 7,
918 2215 947 2290 8,
962 2216 991 2292 2,
1007 2217 1035 2273 1.
1049 2207 1086 2296 4)

74 2305 116 2363 ait
130 2297 226 2379 ‘apud
241 2301 411 2360 Labeonem
425 2301 548 2359 memini
561 2305 725 2360 tractatum
739 2300 816 2361 libro
829 2305 1037 2380 posteriorum,
1056 2311 1087 2362 et

74 2394 116 2450 ait
140 2392 245 2450 Labeo
345 2390 492 2448 Proculus
519 2392 621 2450 antem
719 2392 827 2450 00101.
843 2383 884 2451 ..’
907 2390 943 2450 de
966 2390 1087 2451 Proouli

73 2482 154 2540 notis
174 2479 300 2538 Pernioe
319 2477 392 2536 184
412 2478 527 2537 seribit:
547 2479 634 2556 „Man
653 2479 771 2537 moehte
790 2478 941 2537 dieselben
960 2525 1012 2538 ...
1031 2482 1089 2541 mit

76 2569 128 2629 der
146 2567 345 2645 Herausgabe
366 2567 417 2626 des
436 2567 563 2626 Werkes
582 2568 614 2624 in
634 2565 829 2642 Verbindung
846 2565 988 2642 biiuges:
1019 2568 1087 2628 Von

74 2657 179 2718 Seiten
209 2657 263 2716 der
286 2655 484 2733 chronologia
511 2656 588 2716 wird
614 2673 684 2712 man
711 2652 846 2728 dagegen
872 2652 963 2710 kaum
993 2658 1087 2717 etwas

77 2744 254 2807 sinwenden
275 2742 421 2803 kbnuen“.
462 2745 613 2820 epitomen
635 2760 752 2820 quoque
775 2740 902 2799 eundem
925 2737 1088 2804 Proculum

77 2855 113 2895 ex
132 2834 286 2894 Labeonis
313 2833 398 2892 libris
425 2831 641 2909 posterioribus
668 2830 774 2891 1001000
797 2830 857 2889 0110
880 2831 945 2889 1000
970 2821 1020 2909 (D.
1036 2832 1086 2907 33,

77 2927 103 2997 6,
130 2926 183 2984 15.
216 2914 272 3002 16)
309 2921 439 2998 opineris
475 2923 608 2996 probari:
650 2916 807 2980 ‘Proculus
844 2918 920 2978 libro
958 2920 1088 2981 seeundo

75 3003 298 3088 epistularum'.
344 3005 439 3070 ‘Idem
462 3010 538 3070 libro
562 3011 653 3070 tertio
676 3029 712 3070 ex
734 3007 950 3085 posterioribus
972 3007 1087 3069 Labeo-

76 3097 141 3161 nis'.
185 3103 217 3159 et
241 3099 383 3158 attribuit
399 3101 477 3159 tales
496 3099 588 3158 libros
607 3099 735 3159 Proculo
752 3098 845 3157 Lenel
864 3097 897 3156 P.
913 3098 964 3172 34,
988 3116 1090 3171 quem·

77 3210 168 3266 quam
203 3188 241 3247 ab
273 3188 371 3247 indice
402 3189 589 3262 Florentino,
623 3187 676 3264 qui
708 3181 897 3263 ‘Hoonoritov
929 3181 1090 3248 ἐπιστολῶν

78 3277 179 3357 βιβλία
220 3271 309 3336 ὀκτώ’
344 3277 492 3355 nominet,
534 3277 652 3334 absunt
712 3275 763 3332 sed
800 3277 880 3333 reete
917 3291 985 3332 oum
1022 3276 1090 3338 aliis

77 3366 215 3444 Krneger
238 3386 268 3442 p.
289 3366 350 3424 154
375 3386 403 3424 0.
426 3369 482 3425 480
516 3359 562 3424 Ἱο
590 3363 658 3440 Dig.
678 3364 729 3440 33,
750 3365 778 3435 6,
799 3365 839 3422 16
939 3363 979 3421 101
1006 3365 1089 3426 idem

80 3455 173 3514 durch
207 3453 360 3514 Verseheu
394 3457 470 3514 01011
496 3453 656 3514 Iavolenus
689 3449 894 3529 gesohrieben3
927 3451 979 3511 das
1012 3449 1091 3534 folgt

79 3543 163 3602 nieht
194 3543 258 3603 blos
292 3560 347 3600 aus
376 3544 441 3601 dem
470 3541 582 3600 Feblen
610 3541 692 3599 einer
720 3540 891 3617 derartigen
919 3539 1031 3602 Sebrift
1058 3547 1090 3604 iu
