<?xml version="1.0" encoding="UTF-8"?>
<!DOCTYPE html PUBLIC "-//W3C//DTD XHTML 1.0 Transitional//EN"
    "http://www.w3.org/TR/xhtml1/DTD/xhtml1-transitional.dtd">
<html xmlns="http://www.w3.org/1999/xhtml" xml:lang="en" lang="en">
 <head>
  <title>
</title>
<meta http-equiv="Content-Type" content="text/html;charset=utf-8" />
  <meta name='ocr-system' content='tesseract 3.04.00' />
  <meta name='ocr-capabilities' content='ocr_page ocr_carea ocr_par ocr_line ocrx_word'/>
</head>
<body>
  <div class='ocr_page' id='page_1' title='image "./iurisprudentiae04bremgoog_0252.png"; bbox 0 0 2568 3890; ppageno 0'>
   <div class='ocr_carea' id='block_1_1' title="bbox 148 203 1158 272">
    <p class='ocr_par' dir='ltr' id='par_1_1' title="bbox 148 203 1158 272">
     <span class='ocr_line' id='line_1_1' title="bbox 148 203 1158 272; baseline -0.001 -12"><span class='ocrx_word' id='word_1_1' title='bbox 148 206 215 272; x_wconf 78' lang='grc'>262</span> <span class='ocrx_word' id='word_1_2' title='bbox 250 209 271 261; x_wconf 91' lang='grc' dir='ltr'>Ι.</span> <span class='ocrx_word' id='word_1_3' title='bbox 295 204 447 260; x_wconf 81' lang='lat' dir='ltr'>AETATIS</span> <span class='ocrx_word' id='word_1_4' title='bbox 469 204 627 262; x_wconf 79' lang='lat' dir='ltr'>AUGUSTI</span> <span class='ocrx_word' id='word_1_5' title='bbox 646 204 692 260; x_wconf 82' lang='grc' dir='ltr'>ΕΤ</span> <span class='ocrx_word' id='word_1_6' title='bbox 709 204 845 260; x_wconf 67' lang='lat' dir='ltr'>alesius</span> <span class='ocrx_word' id='word_1_7' title='bbox 862 204 959 261; x_wconf 82' lang='lat' dir='ltr'>IURdS</span> <span class='ocrx_word' id='word_1_8' title='bbox 978 203 1158 261; x_wconf 68' lang='lat' dir='ltr'>consumi</span> 
     </span>
    </p>
   </div>
   <div class='ocr_carea' id='block_1_2' title="bbox 79 365 1159 3652">
    <p class='ocr_par' dir='ltr' id='par_1_2' title="bbox 146 365 1159 810">
     <span class='ocr_line' id='line_1_2' title="bbox 234 365 1158 456; baseline -0.001 -22"><span class='ocrx_word' id='word_1_9' title='bbox 234 374 306 434; x_wconf 82' lang='lat' dir='ltr'>Auli</span> <span class='ocrx_word' id='word_1_10' title='bbox 330 371 411 434; x_wconf 84' lang='lat' dir='ltr'>Ofilii</span> <span class='ocrx_word' id='word_1_11' title='bbox 435 365 560 456; x_wconf 81' lang='lat'><strong>(1330)</strong></span> <span class='ocrx_word' id='word_1_12' title='bbox 588 374 709 435; x_wconf 75' lang='lat' dir='ltr'>auditor</span> <span class='ocrx_word' id='word_1_13' title='bbox 731 369 928 452; x_wconf 82' lang='lat' dir='ltr'>(Pomponius</span> <span class='ocrx_word' id='word_1_14' title='bbox 953 365 1062 455; x_wconf 62' lang='lat'>547),</span> <span class='ocrx_word' id='word_1_15' title='bbox 1090 367 1158 434; x_wconf 73' lang='lat' dir='ltr'>ttiu·</span> 
     </span>
     <span class='ocr_line' id='line_1_3' title="bbox 146 455 1159 545; baseline -0.001 -23"><span class='ocrx_word' id='word_1_16' title='bbox 146 463 227 522; x_wconf 92' lang='lat' dir='ltr'>mani</span> <span class='ocrx_word' id='word_1_17' title='bbox 255 463 407 541; x_wconf 84' lang='lat' dir='ltr'>divinique</span> <span class='ocrx_word' id='word_1_18' title='bbox 436 463 511 522; x_wconf 87' lang='lat' dir='ltr'>iuris</span> <span class='ocrx_word' id='word_1_19' title='bbox 534 457 642 523; x_wconf 89' lang='lat' dir='ltr'>sciens’</span> <span class='ocrx_word' id='word_1_20' title='bbox 666 457 750 545; x_wconf 84' lang='lat' dir='ltr'>(Tac.</span> <span class='ocrx_word' id='word_1_21' title='bbox 769 482 835 522; x_wconf 91' lang='lat' dir='ltr'>ann.</span> <span class='ocrx_word' id='word_1_22' title='bbox 857 465 885 541; x_wconf 90' lang='grc'>3,</span> <span class='ocrx_word' id='word_1_23' title='bbox 901 455 972 541; x_wconf 98' lang='grc'>70),</span> <span class='ocrx_word' id='word_1_24' title='bbox 1000 456 1159 538; x_wconf 74' lang='lat' dir='ltr'>‘pontificii</span> 
     </span>
     <span class='ocr_line' id='line_1_4' title="bbox 146 544 1157 634; baseline 0 -25"><span class='ocrx_word' id='word_1_25' title='bbox 146 551 222 611; x_wconf 88' lang='lat' dir='ltr'>iuris</span> <span class='ocrx_word' id='word_1_26' title='bbox 244 551 323 612; x_wconf 92' lang='lat' dir='ltr'>inter</span> <span class='ocrx_word' id='word_1_27' title='bbox 344 551 458 629; x_wconf 86' lang='lat' dir='ltr'>primos</span> <span class='ocrx_word' id='word_1_28' title='bbox 480 546 609 628; x_wconf 89' lang='lat' dir='ltr'>peritus&#39;</span> <span class='ocrx_word' id='word_1_29' title='bbox 628 545 772 634; x_wconf 88' lang='lat' dir='ltr'>(Macrob.</span> <span class='ocrx_word' id='word_1_30' title='bbox 792 551 854 612; x_wconf 83' lang='lat' dir='ltr'>Sat.</span> <span class='ocrx_word' id='word_1_31' title='bbox 874 544 1041 630; x_wconf 94' lang='grc'>7,13,11)</span> <span class='ocrx_word' id='word_1_32' title='bbox 1065 545 1157 626; x_wconf 75' lang='lat' dir='ltr'>‘prin-</span> 
     </span>
     <span class='ocr_line' id='line_1_5' title="bbox 146 634 1158 721; baseline 0 -21"><span class='ocrx_word' id='word_1_33' title='bbox 146 643 242 717; x_wconf 90' lang='lat' dir='ltr'>cipem</span> <span class='ocrx_word' id='word_1_34' title='bbox 269 642 301 699; x_wconf 94' lang='lat' dir='ltr'>in</span> <span class='ocrx_word' id='word_1_35' title='bbox 329 640 451 701; x_wconf 83' lang='lat' dir='ltr'>civitate</span> <span class='ocrx_word' id='word_1_36' title='bbox 478 640 578 721; x_wconf 82' lang='lat' dir='ltr'>locum</span> <span class='ocrx_word' id='word_1_37' title='bbox 609 641 717 702; x_wconf 85' lang='lat' dir='ltr'>studiis</span> <span class='ocrx_word' id='word_1_38' title='bbox 746 640 886 702; x_wconf 82' lang='lat' dir='ltr'>civilibus</span> <span class='ocrx_word' id='word_1_39' title='bbox 913 634 1088 700; x_wconf 88' lang='lat' dir='ltr'>adsecutus&#39;</span> <span class='ocrx_word' id='word_1_40' title='bbox 1111 641 1158 700; x_wconf 90' lang='lat' dir='ltr'>est</span> 
     </span>
     <span class='ocr_line' id='line_1_6' title="bbox 146 720 447 810; baseline 0.003 -22"><span class='ocrx_word' id='word_1_41' title='bbox 146 720 230 810; x_wconf 81' lang='lat' dir='ltr'>(Tac.</span> <span class='ocrx_word' id='word_1_42' title='bbox 249 748 316 791; x_wconf 88' lang='lat' dir='ltr'>ann.</span> <span class='ocrx_word' id='word_1_43' title='bbox 337 731 365 807; x_wconf 86' lang='lat'>3,</span> <span class='ocrx_word' id='word_1_44' title='bbox 381 720 447 810; x_wconf 83' lang='grc'>75).</span> 
     </span>
    </p>

    <p class='ocr_par' dir='ltr' id='par_1_3' title="bbox 79 817 1157 2854">
     <span class='ocr_line' id='line_1_7' title="bbox 234 817 1157 894; baseline 0.002 -18"><span class='ocrx_word' id='word_1_45' title='bbox 234 817 298 888; x_wconf 84' lang='lat' dir='ltr'>Quo</span> <span class='ocrx_word' id='word_1_46' title='bbox 331 818 429 878; x_wconf 89' lang='lat' dir='ltr'>officio</span> <span class='ocrx_word' id='word_1_47' title='bbox 459 817 510 877; x_wconf 92' lang='lat' dir='ltr'>ille</span> <span class='ocrx_word' id='word_1_48' title='bbox 538 837 593 894; x_wconf 90' lang='lat' dir='ltr'>per</span> <span class='ocrx_word' id='word_1_49' title='bbox 622 817 798 877; x_wconf 87' lang='lat' dir='ltr'>decennium</span> <span class='ocrx_word' id='word_1_50' title='bbox 825 819 887 877; x_wconf 86' lang='lat' dir='ltr'>fere</span> <span class='ocrx_word' id='word_1_51' title='bbox 916 818 963 878; x_wconf 90' lang='lat' dir='ltr'>vir</span> <span class='ocrx_word' id='word_1_52' title='bbox 991 817 1157 878; x_wconf 87' lang='lat' dir='ltr'>consularis</span> 
     </span>
     <span class='ocr_line' id='line_1_8' title="bbox 145 905 1156 984; baseline 0 -19"><span class='ocrx_word' id='word_1_53' title='bbox 145 907 265 966; x_wconf 85' lang='lat' dir='ltr'>functus</span> <span class='ocrx_word' id='word_1_54' title='bbox 289 910 335 966; x_wconf 91' lang='lat' dir='ltr'>est</span> <span class='ocrx_word' id='word_1_55' title='bbox 359 906 507 967; x_wconf 89' lang='lat' dir='ltr'>curatoris</span> <span class='ocrx_word' id='word_1_56' title='bbox 531 925 687 984; x_wconf 89' lang='lat' dir='ltr'>aquarum,</span> <span class='ocrx_word' id='word_1_57' title='bbox 706 908 743 967; x_wconf 94' lang='lat' dir='ltr'>de</span> <span class='ocrx_word' id='word_1_58' title='bbox 761 925 797 967; x_wconf 92' lang='lat' dir='ltr'>eo</span> <span class='ocrx_word' id='word_1_59' title='bbox 816 925 912 982; x_wconf 86' lang='lat' dir='ltr'>pauca</span> <span class='ocrx_word' id='word_1_60' title='bbox 930 906 962 966; x_wconf 89' lang='lat' dir='ltr'>in</span> <span class='ocrx_word' id='word_1_61' title='bbox 980 905 1156 966; x_wconf 91' lang='lat' dir='ltr'>memoriam</span> 
     </span>
     <span class='ocr_line' id='line_1_9' title="bbox 144 993 1155 1072; baseline 0 -18"><span class='ocrx_word' id='word_1_62' title='bbox 144 1014 285 1056; x_wconf 87' lang='lat' dir='ltr'>revocare</span> <span class='ocrx_word' id='word_1_63' title='bbox 316 1014 376 1055; x_wconf 91' lang='lat' dir='ltr'>non</span> <span class='ocrx_word' id='word_1_64' title='bbox 408 995 539 1056; x_wconf 90' lang='lat' dir='ltr'>alienum</span> <span class='ocrx_word' id='word_1_65' title='bbox 571 1015 590 1055; x_wconf 89' lang='lat' dir='ltr'>a</span> <span class='ocrx_word' id='word_1_66' title='bbox 620 1015 653 1055; x_wconf 89' lang='lat' dir='ltr'>re</span> <span class='ocrx_word' id='word_1_67' title='bbox 685 999 768 1072; x_wconf 89' lang='lat' dir='ltr'>puto.</span> <span class='ocrx_word' id='word_1_68' title='bbox 818 995 904 1072; x_wconf 86' lang='lat' dir='ltr'>aquis</span> <span class='ocrx_word' id='word_1_69' title='bbox 931 995 1015 1056; x_wconf 89' lang='lat' dir='ltr'>urbis</span> <span class='ocrx_word' id='word_1_70' title='bbox 1042 993 1155 1055; x_wconf 87' lang='lat' dir='ltr'>Romae</span> 
     </span>
     <span class='ocr_line' id='line_1_10' title="bbox 144 1082 1156 1161; baseline -0.001 -17"><span class='ocrx_word' id='word_1_71' title='bbox 144 1085 238 1144; x_wconf 84' lang='lat' dir='ltr'>Marci</span> <span class='ocrx_word' id='word_1_72' title='bbox 265 1083 419 1161; x_wconf 81' lang='lat' dir='ltr'>Agrippae</span> <span class='ocrx_word' id='word_1_73' title='bbox 447 1087 478 1143; x_wconf 90' lang='lat' dir='ltr'>et</span> <span class='ocrx_word' id='word_1_74' title='bbox 501 1082 657 1144; x_wconf 85' lang='lat' dir='ltr'>Octaviani</span> <span class='ocrx_word' id='word_1_75' title='bbox 684 1084 817 1161; x_wconf 76' lang='lat' dir='ltr'>Augusti</span> <span class='ocrx_word' id='word_1_76' title='bbox 844 1102 918 1144; x_wconf 89' lang='lat' dir='ltr'>eura</span> <span class='ocrx_word' id='word_1_77' title='bbox 945 1087 976 1156; x_wconf 86' lang='lat' dir='ltr'>et</span> <span class='ocrx_word' id='word_1_78' title='bbox 1004 1083 1156 1144; x_wconf 90' lang='lat' dir='ltr'>restitutis</span> 
     </span>
     <span class='ocr_line' id='line_1_11' title="bbox 146 1167 1156 1252; baseline -0.001 -20"><span class='ocrx_word' id='word_1_79' title='bbox 146 1178 177 1232; x_wconf 93' lang='lat' dir='ltr'>et</span> <span class='ocrx_word' id='word_1_80' title='bbox 194 1173 384 1249; x_wconf 85' lang='lat' dir='ltr'>amplificat-is</span> <span class='ocrx_word' id='word_1_81' title='bbox 403 1172 530 1249; x_wconf 92' lang='lat' dir='ltr'>denique</span> <span class='ocrx_word' id='word_1_82' title='bbox 549 1191 575 1232; x_wconf 91' lang='lat' dir='ltr'>a.</span> <span class='ocrx_word' id='word_1_83' title='bbox 593 1167 706 1252; x_wconf 68' lang='lat' dir='ltr'><strong>743s11</strong></span> <span class='ocrx_word' id='word_1_84' title='bbox 729 1173 861 1234; x_wconf 87' lang='lat' dir='ltr'>officium</span> <span class='ocrx_word' id='word_1_85' title='bbox 878 1173 956 1232; x_wconf 92' lang='lat' dir='ltr'>illud</span> <span class='ocrx_word' id='word_1_86' title='bbox 970 1172 1156 1233; x_wconf 89' lang='lat' dir='ltr'>ordinarium</span> 
     </span>
     <span class='ocr_line' id='line_1_12' title="bbox 146 1256 1155 1340; baseline -0.002 -18"><span class='ocrx_word' id='word_1_87' title='bbox 146 1263 344 1323; x_wconf 87' lang='lat' dir='ltr'>constitutum</span> <span class='ocrx_word' id='word_1_88' title='bbox 376 1266 422 1321; x_wconf 85' lang='lat' dir='ltr'>est</span> <span class='ocrx_word' id='word_1_89' title='bbox 456 1256 506 1320; x_wconf 72' lang='lat' dir='ltr'>‘ad</span> <span class='ocrx_word' id='word_1_90' title='bbox 533 1280 643 1340; x_wconf 85' lang='lat' dir='ltr'>usum,¹</span> <span class='ocrx_word' id='word_1_91' title='bbox 668 1267 732 1321; x_wconf 83' lang='lat' dir='ltr'>tum</span> <span class='ocrx_word' id='word_1_92' title='bbox 762 1263 799 1321; x_wconf 88' lang='lat' dir='ltr'>ad</span> <span class='ocrx_word' id='word_1_93' title='bbox 828 1261 1037 1322; x_wconf 83' lang='lat' dir='ltr'>salubritatem</span> <span class='ocrx_word' id='word_1_94' title='bbox 1064 1264 1155 1339; x_wconf 89' lang='lat' dir='ltr'>atque</span> 
     </span>
     <span class='ocr_line' id='line_1_13' title="bbox 144 1349 1155 1428; baseline -0.001 -18"><span class='ocrx_word' id='word_1_95' title='bbox 144 1351 236 1410; x_wconf 88' lang='lat' dir='ltr'>etiam</span> <span class='ocrx_word' id='word_1_96' title='bbox 255 1351 447 1410; x_wconf 72' lang='lat' dir='ltr'>securitatem</span> <span class='ocrx_word' id='word_1_97' title='bbox 460 1349 545 1409; x_wconf 88' lang='lat' dir='ltr'>urbis</span> <span class='ocrx_word' id='word_1_98' title='bbox 563 1354 726 1428; x_wconf 79' lang='lat' dir='ltr'>pertinens,</span> <span class='ocrx_word' id='word_1_99' title='bbox 744 1351 987 1411; x_wconf 88' lang='lat' dir='ltr'>administratum</span> <span class='ocrx_word' id='word_1_100' title='bbox 1005 1369 1059 1426; x_wconf 90' lang='lat' dir='ltr'>per</span> <span class='ocrx_word' id='word_1_101' title='bbox 1073 1350 1155 1426; x_wconf 92' lang='lat' dir='ltr'>prin·</span> 
     </span>
     <span class='ocr_line' id='line_1_14' title="bbox 143 1431 1156 1522; baseline 0 -24"><span class='ocrx_word' id='word_1_102' title='bbox 143 1439 224 1517; x_wconf 81' lang='lat' dir='ltr'>cipes</span> <span class='ocrx_word' id='word_1_103' title='bbox 247 1458 363 1516; x_wconf 87' lang='lat' dir='ltr'>semper</span> <span class='ocrx_word' id='word_1_104' title='bbox 386 1438 517 1499; x_wconf 85' lang='lat' dir='ltr'>civitatis</span> <span class='ocrx_word' id='word_1_105' title='bbox 541 1443 662 1499; x_wconf 90' lang='lat' dir='ltr'>nostrae</span> <span class='ocrx_word' id='word_1_106' title='bbox 684 1435 778 1502; x_wconf 82' lang='lat' dir='ltr'>viros’</span> <span class='ocrx_word' id='word_1_107' title='bbox 797 1432 946 1522; x_wconf 81' lang='lat' dir='ltr'>(Frontin.</span> <span class='ocrx_word' id='word_1_108' title='bbox 965 1431 1049 1521; x_wconf 89' lang='lat' dir='ltr'>c.1).</span> <span class='ocrx_word' id='word_1_109' title='bbox 1086 1441 1156 1515; x_wconf 90' lang='lat' dir='ltr'>post</span> 
     </span>
     <span class='ocr_line' id='line_1_15' title="bbox 144 1522 1154 1606; baseline 0 -20"><span class='ocrx_word' id='word_1_110' title='bbox 144 1528 183 1590; x_wconf 90' lang='lat' dir='ltr'>M.</span> <span class='ocrx_word' id='word_1_111' title='bbox 202 1528 370 1606; x_wconf 82' lang='lat' dir='ltr'>Agrippam</span> <span class='ocrx_word' id='word_1_112' title='bbox 393 1522 457 1604; x_wconf 71' lang='lat' dir='ltr'>‘qui</span> <span class='ocrx_word' id='word_1_113' title='bbox 476 1547 599 1604; x_wconf 89' lang='lat' dir='ltr'>operum</span> <span class='ocrx_word' id='word_1_114' title='bbox 618 1548 741 1589; x_wconf 89' lang='lat' dir='ltr'>suorum</span> <span class='ocrx_word' id='word_1_115' title='bbox 760 1532 791 1589; x_wconf 91' lang='lat' dir='ltr'>et</span> <span class='ocrx_word' id='word_1_116' title='bbox 808 1548 965 1590; x_wconf 85' lang='lat' dir='ltr'>munerum</span> <span class='ocrx_word' id='word_1_117' title='bbox 984 1530 1068 1590; x_wconf 89' lang='lat' dir='ltr'>velut</span> <span class='ocrx_word' id='word_1_118' title='bbox 1086 1547 1154 1605; x_wconf 90' lang='lat' dir='ltr'>per-</span> 
     </span>
     <span class='ocr_line' id='line_1_16' title="bbox 144 1610 1155 1696; baseline -0.001 -20"><span class='ocrx_word' id='word_1_119' title='bbox 144 1621 253 1693; x_wconf 90' lang='lat' dir='ltr'>petuus</span> <span class='ocrx_word' id='word_1_120' title='bbox 278 1620 398 1677; x_wconf 86' lang='lat' dir='ltr'>curator</span> <span class='ocrx_word' id='word_1_121' title='bbox 419 1610 500 1695; x_wconf 81' lang='lat' dir='ltr'>fuit&#39;,</span> <span class='ocrx_word' id='word_1_122' title='bbox 529 1636 596 1676; x_wconf 90' lang='lat' dir='ltr'>eum</span> <span class='ocrx_word' id='word_1_123' title='bbox 618 1619 732 1694; x_wconf 90' lang='lat' dir='ltr'>primus</span> <span class='ocrx_word' id='word_1_124' title='bbox 756 1620 928 1678; x_wconf 88' lang='lat' dir='ltr'>curatorum</span> <span class='ocrx_word' id='word_1_125' title='bbox 952 1619 1004 1696; x_wconf 90' lang='lat' dir='ltr'>qui</span> <span class='ocrx_word' id='word_1_126' title='bbox 1027 1636 1063 1676; x_wconf 84' lang='lat' dir='ltr'>ex</span> <span class='ocrx_word' id='word_1_127' title='bbox 1086 1635 1155 1676; x_wconf 92' lang='lat' dir='ltr'>con-</span> 
     </span>
     <span class='ocr_line' id='line_1_17' title="bbox 144 1696 1155 1784; baseline -0.001 -19"><span class='ocrx_word' id='word_1_128' title='bbox 144 1724 233 1765; x_wconf 87' lang='lat' dir='ltr'>sensu</span> <span class='ocrx_word' id='word_1_129' title='bbox 269 1710 390 1766; x_wconf 87' lang='lat' dir='ltr'>senatus</span> <span class='ocrx_word' id='word_1_130' title='bbox 425 1725 444 1765; x_wconf 89' lang='lat' dir='ltr'>a</span> <span class='ocrx_word' id='word_1_131' title='bbox 476 1704 602 1767; x_wconf 89' lang='lat' dir='ltr'>Caesare</span> <span class='ocrx_word' id='word_1_132' title='bbox 634 1708 774 1784; x_wconf 85' lang='lat' dir='ltr'>Augusto</span> <span class='ocrx_word' id='word_1_133' title='bbox 804 1706 1038 1766; x_wconf 87' lang='lat' dir='ltr'>nominabantur</span> <span class='ocrx_word' id='word_1_134' title='bbox 1071 1696 1155 1784; x_wconf 86' lang='lat' dir='ltr'>(ibid.</span> 
     </span>
     <span class='ocr_line' id='line_1_18' title="bbox 144 1787 1154 1873; baseline 0 -19"><span class='ocrx_word' id='word_1_135' title='bbox 144 1813 168 1855; x_wconf 93' lang='lat' dir='ltr'>c.</span> <span class='ocrx_word' id='word_1_136' title='bbox 185 1787 271 1873; x_wconf 89' lang='grc'>100),</span> <span class='ocrx_word' id='word_1_137' title='bbox 291 1796 420 1855; x_wconf 78' lang='lat' dir='ltr'>Messala</span> <span class='ocrx_word' id='word_1_138' title='bbox 439 1793 585 1855; x_wconf 85' lang='lat' dir='ltr'>Corvinus</span> <span class='ocrx_word' id='word_1_139' title='bbox 603 1797 719 1870; x_wconf 76' lang='lat' dir='ltr'>fuisset,</span> <span class='ocrx_word' id='word_1_140' title='bbox 739 1796 884 1856; x_wconf 86' lang='lat' dir='ltr'>successit</span> <span class='ocrx_word' id='word_1_141' title='bbox 899 1794 1010 1855; x_wconf 87' lang='lat' dir='ltr'>Planco</span> <span class='ocrx_word' id='word_1_142' title='bbox 1031 1797 1061 1853; x_wconf 92' lang='lat' dir='ltr'>et</span> <span class='ocrx_word' id='word_1_143' title='bbox 1080 1793 1154 1854; x_wconf 83' lang='lat' dir='ltr'>Silio</span> 
     </span>
     <span class='ocr_line' id='line_1_19' title="bbox 144 1875 1155 1966; baseline -0.001 -22"><span class='ocrx_word' id='word_1_144' title='bbox 144 1902 203 1944; x_wconf 91' lang='lat' dir='ltr'>cos.</span> <span class='ocrx_word' id='word_1_145' title='bbox 236 1885 342 1943; x_wconf 86' lang='lat' dir='ltr'>Ateius</span> <span class='ocrx_word' id='word_1_146' title='bbox 376 1882 482 1959; x_wconf 88' lang='lat' dir='ltr'>Capito</span> <span class='ocrx_word' id='word_1_147' title='bbox 516 1879 554 1963; x_wconf 84' lang='lat' dir='ltr'>(c.</span> <span class='ocrx_word' id='word_1_148' title='bbox 580 1887 630 1945; x_wconf 88' lang='grc'>99.</span> <span class='ocrx_word' id='word_1_149' title='bbox 656 1875 742 1966; x_wconf 81' lang='lat'>102).</span> <span class='ocrx_word' id='word_1_150' title='bbox 794 1888 863 1960; x_wconf 88' lang='lat' dir='ltr'>post</span> <span class='ocrx_word' id='word_1_151' title='bbox 895 1883 1071 1960; x_wconf 74' lang='lat' dir='ltr'>Capitonem</span> <span class='ocrx_word' id='word_1_152' title='bbox 1102 1882 1155 1943; x_wconf 90' lang='lat' dir='ltr'>alii</span> 
     </span>
     <span class='ocr_line' id='line_1_20' title="bbox 142 1973 1157 2049; baseline 0.001 -18"><span class='ocrx_word' id='word_1_153' title='bbox 142 1973 216 2032; x_wconf 86' lang='lat' dir='ltr'>iuris</span> <span class='ocrx_word' id='word_1_154' title='bbox 244 1974 380 2033; x_wconf 87' lang='lat' dir='ltr'>consulto</span> <span class='ocrx_word' id='word_1_155' title='bbox 407 1973 530 2031; x_wconf 75' lang='lat' dir='ltr'>inlustri</span> <span class='ocrx_word' id='word_1_156' title='bbox 561 1973 709 2034; x_wconf 88' lang='lat' dir='ltr'>curatoris</span> <span class='ocrx_word' id='word_1_157' title='bbox 738 1973 869 2034; x_wconf 85' lang='lat' dir='ltr'>officium</span> <span class='ocrx_word' id='word_1_158' title='bbox 897 1973 1071 2032; x_wconf 86' lang='lat' dir='ltr'>mandatum</span> <span class='ocrx_word' id='word_1_159' title='bbox 1101 1975 1157 2049; x_wconf 89' lang='lat' dir='ltr'>est,</span> 
     </span>
     <span class='ocr_line' id='line_1_21' title="bbox 79 2059 1155 2138; baseline 0 -18"><span class='ocrx_word' id='word_1_160' title='bbox 79 2125 84 2132; x_wconf 55' lang='grc'>,</span> <span class='ocrx_word' id='word_1_161' title='bbox 143 2060 182 2120; x_wconf 90' lang='grc' dir='ltr'>Μ.</span> <span class='ocrx_word' id='word_1_162' title='bbox 206 2059 329 2120; x_wconf 86' lang='grc'>0666616</span> <span class='ocrx_word' id='word_1_163' title='bbox 352 2061 484 2138; x_wconf 70' lang='lat' dir='ltr'>Nervae,</span> <span class='ocrx_word' id='word_1_164' title='bbox 512 2061 574 2120; x_wconf 86' lang='lat' dir='ltr'>divi</span> <span class='ocrx_word' id='word_1_165' title='bbox 602 2061 719 2122; x_wconf 85' lang='lat' dir='ltr'>Nervae</span> <span class='ocrx_word' id='word_1_166' title='bbox 746 2081 816 2136; x_wconf 86' lang='lat' dir='ltr'>avo,</span> <span class='ocrx_word' id='word_1_167' title='bbox 845 2061 973 2122; x_wconf 89' lang='lat' dir='ltr'>seeundo</span> <span class='ocrx_word' id='word_1_168' title='bbox 1002 2060 1155 2137; x_wconf 74' lang='lat' dir='ltr'>Capitonis</span> 
     </span>
     <span class='ocr_line' id='line_1_22' title="bbox 144 2145 1155 2230; baseline 0.002 -22"><span class='ocrx_word' id='word_1_169' title='bbox 144 2150 311 2208; x_wconf 81' lang='lat' dir='ltr'>successori</span> <span class='ocrx_word' id='word_1_170' title='bbox 345 2147 484 2225; x_wconf 85' lang='lat' dir='ltr'>Capitoni</span> <span class='ocrx_word' id='word_1_171' title='bbox 498 2150 577 2208; x_wconf 91' lang='lat' dir='ltr'>enim</span> <span class='ocrx_word' id='word_1_172' title='bbox 591 2150 735 2210; x_wconf 88' lang='lat' dir='ltr'>successit</span> <span class='ocrx_word' id='word_1_173' title='bbox 749 2170 775 2211; x_wconf 87' lang='grc'>6.</span> <span class='ocrx_word' id='word_1_174' title='bbox 792 2145 908 2230; x_wconf 56' lang='grc'>775122</span> <span class='ocrx_word' id='word_1_175' title='bbox 925 2150 1033 2210; x_wconf 81' lang='lat' dir='ltr'>Tarius</span> <span class='ocrx_word' id='word_1_176' title='bbox 1047 2148 1155 2228; x_wconf 75' lang='lat' dir='ltr'>Rudis,</span> 
     </span>
     <span class='ocr_line' id='line_1_23' title="bbox 143 2231 1154 2322; baseline 0.005 -27"><span class='ocrx_word' id='word_1_177' title='bbox 143 2237 222 2297; x_wconf 85' lang='lat' dir='ltr'>Rufo</span> <span class='ocrx_word' id='word_1_178' title='bbox 245 2257 271 2296; x_wconf 89' lang='lat' dir='ltr'>a.</span> <span class='ocrx_word' id='word_1_179' title='bbox 288 2231 404 2318; x_wconf 59' lang='grc'>777124</span> <span class='ocrx_word' id='word_1_180' title='bbox 428 2238 530 2298; x_wconf 83' lang='lat' dir='ltr'>Nerva</span> <span class='ocrx_word' id='word_1_181' title='bbox 549 2231 692 2322; x_wconf 86' lang='grc'>(6102).</span> <span class='ocrx_word' id='word_1_182' title='bbox 729 2240 881 2300; x_wconf 86' lang='lat' dir='ltr'>adiutores</span> <span class='ocrx_word' id='word_1_183' title='bbox 900 2238 1051 2298; x_wconf 88' lang='lat' dir='ltr'>habebant</span> <span class='ocrx_word' id='word_1_184' title='bbox 1069 2257 1154 2300; x_wconf 84' lang='lat' dir='ltr'>cura·</span> 
     </span>
     <span class='ocr_line' id='line_1_24' title="bbox 143 2325 1155 2406; baseline 0 -20"><span class='ocrx_word' id='word_1_185' title='bbox 143 2329 224 2386; x_wconf 89' lang='lat' dir='ltr'>tores</span> <span class='ocrx_word' id='word_1_186' title='bbox 253 2345 402 2404; x_wconf 87' lang='lat' dir='ltr'>aquarum</span> <span class='ocrx_word' id='word_1_187' title='bbox 431 2325 516 2386; x_wconf 87' lang='lat' dir='ltr'>binos</span> <span class='ocrx_word' id='word_1_188' title='bbox 538 2328 620 2389; x_wconf 82' lang='lat' dir='ltr'>viros</span> <span class='ocrx_word' id='word_1_189' title='bbox 644 2330 822 2406; x_wconf 87' lang='lat' dir='ltr'>senatorios,</span> <span class='ocrx_word' id='word_1_190' title='bbox 849 2360 886 2371; x_wconf 89' lang='lat'>-</span> <span class='ocrx_word' id='word_1_191' title='bbox 913 2328 1059 2388; x_wconf 86' lang='lat' dir='ltr'>Messalae</span> <span class='ocrx_word' id='word_1_192' title='bbox 1083 2325 1155 2388; x_wconf 84' lang='lat' dir='ltr'>Cor-</span> 
     </span>
     <span class='ocr_line' id='line_1_25' title="bbox 143 2414 1156 2493; baseline 0.002 -19"><span class='ocrx_word' id='word_1_193' title='bbox 143 2414 208 2474; x_wconf 86' lang='lat' dir='ltr'>vini</span> <span class='ocrx_word' id='word_1_194' title='bbox 239 2416 391 2476; x_wconf 87' lang='lat' dir='ltr'>adiutores</span> <span class='ocrx_word' id='word_1_195' title='bbox 424 2417 511 2476; x_wconf 89' lang='lat' dir='ltr'>erant</span> <span class='ocrx_word' id='word_1_196' title='bbox 541 2416 713 2477; x_wconf 89' lang='lat' dir='ltr'>Postumius</span> <span class='ocrx_word' id='word_1_197' title='bbox 742 2417 892 2493; x_wconf 84' lang='lat' dir='ltr'>Sulpicius</span> <span class='ocrx_word' id='word_1_198' title='bbox 923 2417 1092 2493; x_wconf 88' lang='lat' dir='ltr'>praetorius</span> <span class='ocrx_word' id='word_1_199' title='bbox 1125 2419 1156 2476; x_wconf 92' lang='lat' dir='ltr'>et</span> 
     </span>
     <span class='ocr_line' id='line_1_26' title="bbox 144 2498 1155 2588; baseline 0.003 -25"><span class='ocrx_word' id='word_1_200' title='bbox 144 2503 255 2564; x_wconf 87' lang='lat' dir='ltr'>Lucius</span> <span class='ocrx_word' id='word_1_201' title='bbox 288 2503 440 2564; x_wconf 87' lang='lat' dir='ltr'>Cominius</span> <span class='ocrx_word' id='word_1_202' title='bbox 473 2504 614 2582; x_wconf 83' lang='lat' dir='ltr'>pedarius</span> <span class='ocrx_word' id='word_1_203' title='bbox 647 2499 685 2586; x_wconf 89' lang='lat' dir='ltr'>(c.</span> <span class='ocrx_word' id='word_1_204' title='bbox 711 2498 781 2588; x_wconf 73' lang='lat'>99),</span> <span class='ocrx_word' id='word_1_205' title='bbox 814 2505 970 2582; x_wconf 86' lang='lat' dir='ltr'>Capitonis</span> <span class='ocrx_word' id='word_1_206' title='bbox 1002 2506 1155 2566; x_wconf 88' lang='lat' dir='ltr'>adiutores</span> 
     </span>
     <span class='ocr_line' id='line_1_27' title="bbox 143 2593 1154 2672; baseline 0.002 -20"><span class='ocrx_word' id='word_1_207' title='bbox 143 2593 207 2652; x_wconf 93' lang='lat' dir='ltr'>noti</span> <span class='ocrx_word' id='word_1_208' title='bbox 234 2613 294 2653; x_wconf 91' lang='lat' dir='ltr'>non</span> <span class='ocrx_word' id='word_1_209' title='bbox 320 2597 405 2672; x_wconf 87' lang='lat' dir='ltr'>sunt,</span> <span class='ocrx_word' id='word_1_210' title='bbox 432 2626 469 2636; x_wconf 91' lang='lat'><em>-</em></span> <span class='ocrx_word' id='word_1_211' title='bbox 495 2598 654 2670; x_wconf 88' lang='lat' dir='ltr'>praeterea</span> <span class='ocrx_word' id='word_1_212' title='bbox 675 2595 855 2656; x_wconf 88' lang='lat' dir='ltr'>architectos</span> <span class='ocrx_word' id='word_1_213' title='bbox 879 2594 991 2656; x_wconf 87' lang='lat' dir='ltr'>scribas</span> <span class='ocrx_word' id='word_1_214' title='bbox 1014 2593 1154 2654; x_wconf 86' lang='lat' dir='ltr'>librarios</span> 
     </span>
     <span class='ocr_line' id='line_1_28' title="bbox 143 2683 1154 2762; baseline 0.002 -20"><span class='ocrx_word' id='word_1_215' title='bbox 143 2700 281 2743; x_wconf 88' lang='lat' dir='ltr'>accensos</span> <span class='ocrx_word' id='word_1_216' title='bbox 299 2701 523 2762; x_wconf 87' lang='lat' dir='ltr'>praeconesque</span> <span class='ocrx_word' id='word_1_217' title='bbox 542 2687 581 2762; x_wconf 92' lang='lat' dir='ltr'>et,</span> <span class='ocrx_word' id='word_1_218' title='bbox 604 2703 673 2744; x_wconf 91' lang='lat' dir='ltr'>cum</span> <span class='ocrx_word' id='word_1_219' title='bbox 692 2685 757 2745; x_wconf 93' lang='lat' dir='ltr'>eius</span> <span class='ocrx_word' id='word_1_220' title='bbox 775 2685 819 2744; x_wconf 86' lang='lat' dir='ltr'>rei</span> <span class='ocrx_word' id='word_1_221' title='bbox 837 2702 928 2744; x_wconf 87' lang='lat' dir='ltr'>causa</span> <span class='ocrx_word' id='word_1_222' title='bbox 946 2686 1031 2743; x_wconf 86' lang='lat' dir='ltr'>extra</span> <span class='ocrx_word' id='word_1_223' title='bbox 1048 2683 1154 2744; x_wconf 88' lang='lat' dir='ltr'>urbem</span> 
     </span>
     <span class='ocr_line' id='line_1_29' title="bbox 142 2766 896 2854; baseline 0.001 -23"><span class='ocrx_word' id='word_1_224' title='bbox 142 2774 243 2850; x_wconf 90' lang='lat' dir='ltr'>erant,</span> <span class='ocrx_word' id='word_1_225' title='bbox 266 2773 387 2832; x_wconf 88' lang='lat' dir='ltr'>lictores</span> <span class='ocrx_word' id='word_1_226' title='bbox 411 2775 442 2831; x_wconf 90' lang='lat' dir='ltr'>et</span> <span class='ocrx_word' id='word_1_227' title='bbox 465 2791 567 2832; x_wconf 85' lang='lat' dir='ltr'>servos</span> <span class='ocrx_word' id='word_1_228' title='bbox 590 2773 726 2849; x_wconf 92' lang='lat' dir='ltr'>publicos</span> <span class='ocrx_word' id='word_1_229' title='bbox 749 2766 788 2854; x_wconf 91' lang='grc'>(6.</span> <span class='ocrx_word' id='word_1_230' title='bbox 810 2768 896 2852; x_wconf 91' lang='grc'>100).</span> 
     </span>
    </p>

    <p class='ocr_par' dir='ltr' id='par_1_4' title="bbox 141 2855 1157 3652">
     <span class='ocr_line' id='line_1_30' title="bbox 232 2855 1153 2938; baseline 0.001 -18"><span class='ocrx_word' id='word_1_231' title='bbox 232 2861 325 2920; x_wconf 87' lang='lat' dir='ltr'>Cuius</span> <span class='ocrx_word' id='word_1_232' title='bbox 358 2861 449 2920; x_wconf 83' lang='grc'>611611</span> <span class='ocrx_word' id='word_1_233' title='bbox 482 2860 613 2920; x_wconf 86' lang='lat' dir='ltr'>maxima</span> <span class='ocrx_word' id='word_1_234' title='bbox 644 2880 713 2936; x_wconf 89' lang='lat' dir='ltr'>pars</span> <span class='ocrx_word' id='word_1_235' title='bbox 744 2863 842 2922; x_wconf 89' lang='lat' dir='ltr'>tutela</span> <span class='ocrx_word' id='word_1_236' title='bbox 869 2880 993 2938; x_wconf 90' lang='lat' dir='ltr'>operum</span> <span class='ocrx_word' id='word_1_237' title='bbox 1022 2855 1153 2921; x_wconf 87' lang='lat' dir='ltr'>contine·</span> 
     </span>
     <span class='ocr_line' id='line_1_31' title="bbox 142 2942 1154 3031; baseline 0.001 -23"><span class='ocrx_word' id='word_1_238' title='bbox 142 2949 232 3009; x_wconf 88' lang='lat' dir='ltr'>batur</span> <span class='ocrx_word' id='word_1_239' title='bbox 257 2943 297 3031; x_wconf 90' lang='lat' dir='ltr'>(o.</span> <span class='ocrx_word' id='word_1_240' title='bbox 317 2951 367 3009; x_wconf 90' lang='grc'>17.</span> <span class='ocrx_word' id='word_1_241' title='bbox 387 2952 436 3010; x_wconf 84' lang='grc'>75.</span> <span class='ocrx_word' id='word_1_242' title='bbox 458 2951 509 3008; x_wconf 86' lang='grc'>87.</span> <span class='ocrx_word' id='word_1_243' title='bbox 530 2951 601 3010; x_wconf 89' lang='grc'>103.</span> <span class='ocrx_word' id='word_1_244' title='bbox 622 2942 711 3030; x_wconf 92' lang='grc'>110).</span> <span class='ocrx_word' id='word_1_245' title='bbox 748 2951 784 3009; x_wconf 92' lang='lat' dir='ltr'>de</span> <span class='ocrx_word' id='word_1_246' title='bbox 803 2951 868 3010; x_wconf 87' lang='lat' dir='ltr'>iure</span> <span class='ocrx_word' id='word_1_247' title='bbox 888 2950 1039 3010; x_wconf 84' lang='lat' dir='ltr'>ducendae</span> <span class='ocrx_word' id='word_1_248' title='bbox 1059 2966 1154 3026; x_wconf 88' lang='lat' dir='ltr'>aquae</span> 
     </span>
     <span class='ocr_line' id='line_1_32' title="bbox 143 3037 1155 3115; baseline 0 -17"><span class='ocrx_word' id='word_1_249' title='bbox 143 3037 363 3098; x_wconf 87' lang='lat' dir='ltr'>observandum</span> <span class='ocrx_word' id='word_1_250' title='bbox 382 3043 456 3115; x_wconf 89' lang='lat' dir='ltr'>erat,</span> <span class='ocrx_word' id='word_1_251' title='bbox 474 3057 511 3096; x_wconf 91' lang='lat' dir='ltr'>ne</span> <span class='ocrx_word' id='word_1_252' title='bbox 530 3038 597 3115; x_wconf 91' lang='lat' dir='ltr'>quis</span> <span class='ocrx_word' id='word_1_253' title='bbox 617 3039 680 3098; x_wconf 87' lang='lat' dir='ltr'>siue</span> <span class='ocrx_word' id='word_1_254' title='bbox 699 3038 812 3098; x_wconf 87' lang='lat' dir='ltr'>litteris</span> <span class='ocrx_word' id='word_1_255' title='bbox 832 3037 978 3112; x_wconf 86' lang='lat' dir='ltr'>Caesaris,</span> <span class='ocrx_word' id='word_1_256' title='bbox 1001 3039 1031 3098; x_wconf 95' lang='lat' dir='ltr'>id</span> <span class='ocrx_word' id='word_1_257' title='bbox 1053 3042 1155 3098; x_wconf 90' lang='lat' dir='ltr'>estne</span> 
     </span>
     <span class='ocr_line' id='line_1_33' title="bbox 143 3127 1154 3205; baseline 0.002 -19"><span class='ocrx_word' id='word_1_258' title='bbox 143 3127 212 3203; x_wconf 90' lang='lat' dir='ltr'>quis</span> <span class='ocrx_word' id='word_1_259' title='bbox 235 3145 342 3205; x_wconf 90' lang='lat' dir='ltr'>aquam</span> <span class='ocrx_word' id='word_1_260' title='bbox 365 3127 516 3202; x_wconf 88' lang='lat' dir='ltr'>publicam</span> <span class='ocrx_word' id='word_1_261' title='bbox 539 3145 598 3186; x_wconf 92' lang='lat' dir='ltr'>non</span> <span class='ocrx_word' id='word_1_262' title='bbox 621 3127 814 3205; x_wconf 87' lang='lat' dir='ltr'>impetratam</span> <span class='ocrx_word' id='word_1_263' title='bbox 836 3147 910 3187; x_wconf 88' lang='lat' dir='ltr'>neve</span> <span class='ocrx_word' id='word_1_264' title='bbox 934 3128 1002 3204; x_wconf 92' lang='lat' dir='ltr'>quis</span> <span class='ocrx_word' id='word_1_265' title='bbox 1024 3127 1154 3203; x_wconf 90' lang='lat' dir='ltr'>amplius</span> 
     </span>
     <span class='ocr_line' id='line_1_34' title="bbox 141 3208 1156 3298; baseline 0.002 -25"><span class='ocrx_word' id='word_1_266' title='bbox 141 3234 233 3292; x_wconf 88' lang='lat' dir='ltr'>quam</span> <span class='ocrx_word' id='word_1_267' title='bbox 254 3215 484 3293; x_wconf 68' lang='lat' dir='ltr'>impetravisset,</span> <span class='ocrx_word' id='word_1_268' title='bbox 507 3215 630 3276; x_wconf 88' lang='lat' dir='ltr'>duceret</span> <span class='ocrx_word' id='word_1_269' title='bbox 649 3208 687 3298; x_wconf 91' lang='lat' dir='ltr'>(c.</span> <span class='ocrx_word' id='word_1_270' title='bbox 705 3211 791 3295; x_wconf 86' lang='grc'>103).</span> <span class='ocrx_word' id='word_1_271' title='bbox 829 3215 866 3275; x_wconf 95' lang='lat' dir='ltr'>de</span> <span class='ocrx_word' id='word_1_272' title='bbox 889 3216 927 3276; x_wconf 90' lang='lat' dir='ltr'>iis</span> <span class='ocrx_word' id='word_1_273' title='bbox 951 3235 1027 3293; x_wconf 90' lang='lat' dir='ltr'>quae</span> <span class='ocrx_word' id='word_1_274' title='bbox 1050 3219 1156 3276; x_wconf 87' lang='lat' dir='ltr'>contra</span> 
     </span>
     <span class='ocr_line' id='line_1_35' title="bbox 142 3303 1156 3384; baseline 0.002 -21"><span class='ocrx_word' id='word_1_275' title='bbox 142 3303 225 3381; x_wconf 83' lang='lat' dir='ltr'>leges</span> <span class='ocrx_word' id='word_1_276' title='bbox 258 3307 415 3365; x_wconf 82' lang='lat' dir='ltr'>senatusve</span> <span class='ocrx_word' id='word_1_277' title='bbox 443 3305 580 3365; x_wconf 88' lang='lat' dir='ltr'>consulta</span> <span class='ocrx_word' id='word_1_278' title='bbox 607 3305 688 3366; x_wconf 85' lang='lat' dir='ltr'>facta</span> <span class='ocrx_word' id='word_1_279' title='bbox 719 3308 818 3384; x_wconf 85' lang='lat' dir='ltr'>erant,</span> <span class='ocrx_word' id='word_1_280' title='bbox 850 3309 972 3365; x_wconf 86' lang='lat' dir='ltr'>curator</span> <span class='ocrx_word' id='word_1_281' title='bbox 1003 3304 1156 3366; x_wconf 85' lang='lat' dir='ltr'>iudicabat</span> 
     </span>
     <span class='ocr_line' id='line_1_36' title="bbox 141 3386 1156 3474; baseline 0.006 -24"><span class='ocrx_word' id='word_1_282' title='bbox 141 3392 399 3470; x_wconf 83' lang='lat' dir='ltr'>cognoscebatque</span> <span class='ocrx_word' id='word_1_283' title='bbox 424 3386 574 3474; x_wconf 79' lang='lat' dir='ltr'>(e.127);</span> <span class='ocrx_word' id='word_1_284' title='bbox 602 3394 704 3472; x_wconf 90' lang='lat' dir='ltr'>itaque</span> <span class='ocrx_word' id='word_1_285' title='bbox 731 3394 851 3454; x_wconf 88' lang='lat' dir='ltr'>iudiciis</span> <span class='ocrx_word' id='word_1_286' title='bbox 878 3393 1004 3456; x_wconf 82' lang='lat' dir='ltr'>vacabat</span> <span class='ocrx_word' id='word_1_287' title='bbox 1027 3393 1156 3471; x_wconf 79' lang='lat' dir='ltr'>privatis</span> 
     </span>
     <span class='ocr_line' id='line_1_37' title="bbox 142 3474 1157 3562; baseline 0.008 -26"><span class='ocrx_word' id='word_1_288' title='bbox 142 3479 330 3558; x_wconf 87' lang='lat' dir='ltr'>publicisque</span> <span class='ocrx_word' id='word_1_289' title='bbox 368 3475 407 3561; x_wconf 88' lang='lat' dir='ltr'>(c.</span> <span class='ocrx_word' id='word_1_290' title='bbox 438 3474 524 3562; x_wconf 90' lang='grc'>101).</span> <span class='ocrx_word' id='word_1_291' title='bbox 580 3482 616 3541; x_wconf 93' lang='lat' dir='ltr'>de</span> <span class='ocrx_word' id='word_1_292' title='bbox 649 3481 802 3559; x_wconf 88' lang='lat' dir='ltr'>Capitonis</span> <span class='ocrx_word' id='word_1_293' title='bbox 839 3484 872 3544; x_wconf 90' lang='lat' dir='ltr'>in</span> <span class='ocrx_word' id='word_1_294' title='bbox 908 3483 996 3560; x_wconf 91' lang='lat' dir='ltr'>aquis</span> <span class='ocrx_word' id='word_1_295' title='bbox 1032 3483 1157 3544; x_wconf 90' lang='lat' dir='ltr'>admini-</span> 
     </span>
     <span class='ocr_line' id='line_1_38' title="bbox 143 3568 1155 3652; baseline 0.008 -27"><span class='ocrx_word' id='word_1_296' title='bbox 143 3568 274 3628; x_wconf 88' lang='lat' dir='ltr'>strandis</span> <span class='ocrx_word' id='word_1_297' title='bbox 298 3589 369 3631; x_wconf 88' lang='lat' dir='ltr'>eura</span> <span class='ocrx_word' id='word_1_298' title='bbox 390 3570 422 3629; x_wconf 92' lang='lat' dir='ltr'>id</span> <span class='ocrx_word' id='word_1_299' title='bbox 444 3573 564 3630; x_wconf 87' lang='lat' dir='ltr'>tantum</span> <span class='ocrx_word' id='word_1_300' title='bbox 587 3571 732 3631; x_wconf 88' lang='lat' dir='ltr'>traditum</span> <span class='ocrx_word' id='word_1_301' title='bbox 755 3575 809 3650; x_wconf 89' lang='grc'>661,</span> <span class='ocrx_word' id='word_1_302' title='bbox 836 3571 917 3650; x_wconf 90' lang='lat' dir='ltr'>quod</span> <span class='ocrx_word' id='word_1_303' title='bbox 938 3571 1002 3648; x_wconf 88' lang='lat' dir='ltr'>ipse</span> <span class='ocrx_word' id='word_1_304' title='bbox 1026 3571 1155 3652; x_wconf 87' lang='lat' dir='ltr'>scripsit,</span> 
     </span>
    </p>
   </div>
   <div class='ocr_carea' id='block_1_3' title="bbox 0 0 1288 3890">
    <p class='ocr_par' dir='ltr' id='par_1_5' title="bbox 0 0 1288 3890">
     <span class='ocr_line' id='line_1_39' title="bbox 0 0 1288 3890; baseline 0 0"><span class='ocrx_word' id='word_1_305' title='bbox 0 0 1288 3890; x_wconf 95' lang='lat' dir='ltr'> </span> 
     </span>
    </p>
   </div>
  </div>
 </body>
</html>
