2506 3880
369 173 393 221 ⁷.
416 165 453 220 Μ.
470 163 659 221 ANTISTIUS
677 164 797 220 LABEO
1042 162 1086 226 93

92 339 169 418 grino
198 336 299 414 libris,
334 339 370 395 ut
400 335 553 411 videntur,
584 333 687 410 petitis
719 333 755 392 de
786 333 824 391 iis
855 333 1085 410 provincialium

94 427 177 489 serris
201 425 316 502 agitur,
344 425 397 501 qui
417 424 530 482 Romae
553 423 758 501 negotiantur:
785 421 818 480 in
839 425 935 481 altero
957 421 1086 500 legimus

92 517 233 578 hominem
265 512 478 591 provincialem
513 530 634 572 servum
664 511 832 570 institorem
862 511 1087 570 vendendarum

92 606 228 666 mercium
250 603 350 681 gratia
371 601 513 661 tabernae
535 600 745 676 praeposuisse
767 591 972 679 (D.5‚1,1s,
989 594 1033 680 3),
1055 600 1088 658 in

92 696 180 754 altero
201 692 331 753 hominis
359 690 551 766 provincialis
578 709 698 750 servum
727 689 837 747 sciente
859 689 977 748 domino
1000 708 1089 765 pecu-

91 785 189 843 liarem
211 799 340 840 meroem
361 779 488 840 vendero
512 771 563 861 (D.
577 781 607 853 4,
622 781 651 856 3,
667 781 695 856 9,
709 771 776 856 la).

500 1009 608 1071 Liber
628 1009 682 1069 XI.

92 1140 135 1198 Dc
155 1140 288 1214 receptis:
310 1139 359 1210 oui
381 1137 536 1196 arbitrium
557 1137 722 1210 receperint,
743 1140 777 1194 ut
797 1137 965 1194 smlozliom
987 1137 1092 1195 dicant.

177 1257 219 1321 1?
251 1255 291 1321 D.
304 1256 334 1338 4,
353 1255 383 1339 8,
402 1256 479 1338 lpr.
531 1252 691 1337 Ulpianus
725 1254 807 1318 libro
838 1255 936 1319 tertio
968 1253 1092 1319 decimo

93 1346 130 1412 ad
148 1345 286 1410 edictum
300 1341 351 1430 (P.
368 1341 472 1428 453⁰).
485 1378 530 1390 —
543 1341 583 1406 In
601 1364 728 1408 serrum
747 1341 855 1408 Labeo
875 1342 1093 1427 compromitti

91 1457 153 1500 non
176 1456 272 1518 posse
294 1433 379 1498 libro
401 1432 570 1497 undecimo
593 1431 713 1497 scribit

176 1565 391 1642 Fragmentum
418 1561 465 1622 his
492 1561 579 1620 libris
605 1559 672 1620 ideo
700 1561 865 1621 attribuere
891 1562 985 1638 malo,
1013 1561 1093 1638 quod

91 1653 238 1714 Labeonis
251 1653 399 1713 monitum
412 1650 515 1728 potius
532 1649 760 1726 provincialium
776 1651 938 1728 hominum,
958 1651 1094 1727 inprimis

91 1741 271 1802 Graecorum
287 1741 337 1802 vel
353 1740 537 1800 Asianorum
554 1757 645 1815 quam
663 1739 773 1799 civium
786 1741 987 1800 Romanorum
1004 1741 1095 1800 mori·

90 1833 145 1892 bns
168 1830 314 1891 convenit

482 1970 590 2030 Liber
610 1969 700 2029 XXX

475 2095 522 2154 Dc
543 2096 607 2155 dolo
628 2097 713 2156 mab.

182 2218 212 2283 2.
239 2215 279 2281 D.
291 2216 322 2296 4,
336 2217 366 2299 3,
379 2215 410 2298 9,
422 2214 455 2279 4„
486 2211 646 2300 Ulpianus
664 2215 748 2281 libro
766 2217 935 2285 undecimo
953 2220 993 2284 ad
1012 2221 1096 2286 edic-

89 2311 163 2372 tum
178 2303 228 2393 (P.
242 2303 343 2392 3850).
357 2340 399 2350 -
414 2301 522 2369 Labeo
535 2303 618 2369 libro
632 2304 821 2390 trigensimo
835 2309 993 2392 praetoris
1007 2331 1096 2395 pere·

91 2396 182 2481 grini
204 2394 317 2460 scribit
339 2393 377 2458 de
400 2393 476 2458 dolo
499 2394 659 2459 actionem
682 2397 767 2461 servi
787 2399 916 2462 nomine
934 2398 1097 2464 interdum

91 2486 133 2550 de
155 2484 292 2569 peculio,
313 2481 472 2548 interdum
495 2483 644 2547 noralem
661 2483 732 2547 dari
748 2484 971 2570 <oportere?).
1008 2491 1097 2568 [nam

91 2574 259 2639 siseres
283 2576 348 2654 est,
374 2572 409 2635 in
433 2592 531 2655 quem
554 2571 647 2637 dolus
670 2575 859 2638 commissus
883 2579 945 2654 est,
973 2596 1012 2638 ex
1035 2600 1099 2661 qua

90 2663 134 2726 de
157 2663 283 2746 peculio
307 2660 437 2724 daretur
459 2660 555 2744 actio,
578 2664 612 2725 et
632 2681 716 2725 nunc
739 2661 775 2725 in
797 2663 923 2744 peculio
946 2662 1099 2750 dandam3

85 2752 144 2905 1sin
173 2772 250 2816 vero
280 2771 318 2814 ea
346 2749 401 2834 sit,
430 2771 469 2814 ex
497 2770 560 2833 qua
581 2749 722 2834 noxalis,
747 2749 810 2816 hoc
833 2773 961 2837 quoque
982 2754 1100 2820 noxale

102 2841 261 2920 uturum}

183 2952 304 3010 Inclusa
334 2951 427 3010 verba
457 2969 518 3010 non
548 2950 710 3031 Labeonis,
746 2953 798 3013 sed
829 2955 1005 3015 Triboniani
1036 2975 1101 3017 esse

84 3044 177 3119 puto.
225 3039 372 3100 consentit
393 3039 516 3100 Pernice
539 3033 583 3098 11²
601 3060 630 3118 p.
650 3045 713 3103 202
731 3062 760 3104 n
781 3045 809 3103 2.

458 3218 508 3278 Ec
529 3221 635 3278 incerto
657 3219 740 3280 libro,

428 3335 472 3389 Dc
489 3335 630 3390 institoria
647 3336 773 3392 actione?

189 3444 219 3510 3.
241 3443 280 3508 D.
294 3443 325 3528 5,
342 3445 370 3527 1,
385 3444 435 3527 19,
451 3446 478 3509 1.
516 3442 605 3508 idem
629 3442 818 3536 (Ulpianus)
840 3448 925 3515 libro
949 3471 1104 3542 sexagen-

87 3535 182 3598 simo
207 3533 247 3597 ad
270 3533 407 3598 edictum
428 3529 477 3618 (P.
494 3529 603 3618 1393).
622 3571 665 3581 -
684 3537 781 3620 Apud
802 3536 985 3606 Labeonem
1008 3566 1105 3628 quae·
