2512 3888
139 193 206 258 406
247 193 281 248 ΙΙ.
309 191 376 247 ΤΙΒ.
397 191 473 247 GAII
497 189 625 248 GLAUD.
644 191 780 247 NERON.
799 192 907 246 TEMP.
929 189 1025 246 IURIS
1048 188 1149 246 CONS.

142 361 195 439 qui
217 379 320 420 aurem
344 360 470 420 alieuius
493 359 609 438 tetigit,
637 360 737 436 inquit
760 359 932 433 Trebatius,
959 362 1058 419 totum
1081 378 1149 420 eum

141 449 235 508 videri
265 450 413 527 tetigisse3
441 449 566 527 proinde
593 452 624 509 et
654 450 704 526 qui
735 449 849 508 dolium
879 448 997 524 aperuit
1024 453 1055 507 et
1081 448 1148 507 inde

141 557 267 614 parvum
297 538 361 600 1161
391 538 530 616 abstulit,
562 555 622 598 non
654 541 773 598 tantum
806 538 870 597 eius
904 537 985 614 quod
1017 536 1150 615 abstulit,

142 646 247 686 verum
268 627 363 686 totius
386 627 507 688 videtur
530 627 580 685 fur
603 618 706 708 esse')‚
725 645 744 685 a
761 626 871 686 Sabino
890 627 1010 688 videtur
1026 627 1150 704 habere;

142 715 194 774 sed
220 717 324 775 utrum
352 735 388 776 ex
414 716 488 775 iuris
516 715 612 775 6111116
644 716 730 775 libris
763 733 802 774 an
832 735 868 774 ex
896 714 974 774 libro
1004 715 1151 792 singulari

140 803 177 863 de
199 805 289 864 furtis
312 805 409 881 petita
432 805 501 883 sint,
523 804 672 864 ineertum
695 807 750 865 est
785 804 937 864 rarissime
961 805 1040 863 euim
1064 803 1148 863 Sabi-

139 913 214 952 num
239 893 373 971 priorum
400 893 683 953 iurisconsultorum
710 894 874 953 sententias
901 893 1029 953 iniuria
1053 892 1148 954 eivilis

139 982 225 1042 libris
257 983 411 1042 rettulisse
442 982 511 1042 inde
544 982 686 1061 66616166,
719 981 799 1059 quod
831 984 894 1042 eius
923 983 968 1041 rei
994 1000 1091 1059 neque
1118 981 1148 1041 in

140 1071 317 1149 fragmentis
358 1091 376 1131 6
417 1071 513 1130 Gellio
555 1071 681 1132 servatis
717 1090 813 1149 neque
853 1072 885 1130 in
921 1071 1037 1148 ueteris,
1074 1090 1149 1148 quae

140 1160 303 1220 eorundem
330 1160 476 1221 librorum
503 1159 644 1219 videntur
671 1178 743 1234 esse,
770 1159 900 1238 vestigia
926 1159 1149 1237 deprehendun-

140 1252 200 1308 tnr.
246 1250 417 1309 adiumento
448 1251 503 1325 est,
532 1248 612 1326 qnod
642 1248 789 1324 Ulpianus
820 1249 906 1308 libris
938 1248 976 1308 ad
1008 1247 1150 1308 Sabinum

139 1337 178 1398 D.
202 1339 252 1415 18,
274 1341 303 1416 2,
326 1339 366 1398 13
385 1356 439 1415 pn,
464 1337 514 1396 ubi
539 1338 575 1396 de
594 1337 679 1396 firndi
693 1337 843 1413 emptione
866 1338 975 1416 agitur,
998 1338 1072 1396 haee
1093 1337 1149 1396 ait:

141 1420 258 1486 ‘Uelsus
286 1445 404 1504 quoque
432 1425 510 1485 libro
539 1429 644 1487 octavo
671 1426 863 1502 Digestorum
891 1426 984 1486 refert
1015 1426 1150 1486 Munium

141 1515 271 1575 Brutum
307 1515 477 1577 Labeonem
514 1515 593 1592 quod
627 1515 770 1574 Sabinum
808 1509 999 1590 existimare’‚
1035 1514 1081 1574 ita
1115 1519 1150 1575 ut

142 1604 292 1664 Masurius
314 1624 409 1681 neque
432 1605 522 1665 Bruti
545 1623 641 1682 neque
662 1603 808 1663 Labeonis
832 1604 1013 1664 mentionem
1035 1604 1150 1682 feeerit,

139 1693 198 1752 nisi
230 1694 307 1752 forte
335 1693 498 1770 Ulpianum
531 1694 587 1753 boe
619 1693 684 1753 loeo
717 1691 820 1752 Sabini
851 1692 936 1752 libris
969 1692 1150 1754 abstinuisse

138 1785 236 1857 putas.

231 1870 375 1932 Sabinum
397 1873 498 1949 legum
517 1873 608 1949 atque
627 1875 749 1931 senatus
768 1872 973 1931 consultorum
991 1870 1152 1948 diligenter

139 1959 286 2018 rationem
308 1960 448 2020 babuisse
472 1963 704 2020 eonsentaneum
725 1962 779 2020 est.
816 1961 981 2019 afferuntur
998 1961 1102 2019 autem
1120 1961 1152 2019 in

138 2047 284 2105 librorum
310 2047 487 2126 fragmentis
514 2048 596 2124 leges
618 2047 678 2107 XII
699 2047 872 2108 tabularum
896 2040 1020 2130 ((1614,
1038 2051 1089 2124 79,
1113 2049 1152 2108 61.

140 2126 273 2214 3,183)‚
292 2135 340 2193 lex
357 2135 481 2210 Aquilia
499 2129 578 2216 (Gai.
595 2139 624 2212 3,
640 2139 712 2196 218.
733 2135 840 2198 Uellat.
861 2139 912 2214 13,
923 2139 951 2211 7,
969 2140 1018 2198 19.
1036 2137 1068 2196 D.
1080 2140 1109 2214 9,
1120 2139 1149 2214 2,

140 2214 255 2300 36,1),
282 2224 330 2281 lex
358 2223 459 2283 Oineia
487 2218 569 2305 (Vat.
594 2225 631 2284 fr.
655 2227 729 2286 307.
753 2218 945 2306 618263),
974 2226 1024 2286 lex
1045 2225 1152 2286 Atinia

140 2303 191 2392 (D.
202 2312 254 2388 50,
266 2314 315 2384 16,
326 2307 415 2390 215).
445 2313 569 2389 respicit
585 2313 744 2390 praeterea
758 2318 861 2390 aperte
876 2314 915 2375 ad
928 2315 1026 2393 legem
1040 2315 1151 2374 Inliam

139 2401 176 2460 de
195 2400 329 2461 eessione
351 2403 496 2461 bonorum
515 2396 565 2486 (D.
579 2405 632 2483 42,
647 2405 676 2479 3,
691 2407 720 2482 4,
737 2395 771 2485 1)
795 2408 826 2464 61
848 2405 976 2465 fortasse
1000 2402 1091 2463 etiam
1110 2403 1149 2463 ad

139 2490 237 2566 legem
251 2489 408 2549 Viselliam
423 2484 514 2574 (Gall.
531 2494 560 2569 5,
577 2496 626 2571 19,
644 2484 709 2574 11).
754 2493 827 2570 quin
844 2494 1012 2553 ceterarum
1030 2510 1150 2570 quoque

138 2597 284 2639 novarum
315 2580 431 2659 legum,
465 2581 601 2658 inprimis
632 2582 708 2660 legis
739 2582 835 2641 Iuliae
868 2584 899 2642 et
929 2582 1038 2657 Papiae
1071 2581 1150 2658 Pop-

138 2686 231 2743 paeae
254 2668 400 2728 rationem
422 2670 574 2749 habuerit,
601 2671 732 2731 dubitari
762 2671 883 2730 minime
905 2672 1019 2748 potest,
1046 2687 1151 2745 quam·

138 2776 229 2834 quam
247 2759 295 2817 161
313 2758 345 2817 16
362 2758 515 2835 Pomponii
536 2759 622 2820 Pauli
642 2758 766 2836 Ulpiani
784 2759 932 2819 librorum
950 2758 988 2817 ad
1007 2757 1150 2817 Sabinum

138 2847 320 2923 scriptorum
333 2847 510 2925 fragmentis
524 2849 636 2908 diserte
644 2866 793 2924 nusquam
802 2849 913 2907 harum
925 2848 1025 2926 legum
1036 2847 1150 2908 mentio

137 2934 182 2996 fit.
225 2953 296 2994 nam
320 2935 493 2995 Triboniani
518 2936 688 2995 adiutorem
711 2955 746 2996 66
769 2955 846 3014 quae
870 2937 906 2997 de
929 2936 1046 3015 legibus
1070 2937 1153 2996 dicta

136 3026 233 3100 erant,
256 3023 403 3084 delevisse
425 3025 592 3100 putandum
615 3027 670 3086 est.
706 3025 784 3101 quod
807 3026 845 3085 ad
869 3028 990 3086 senatus
1013 3025 1155 3086 consulta

138 3110 257 3184 attinet,
280 3111 316 3171 de
335 3111 506 3173 Neroniano
526 3113 692 3173 Masurium
715 3114 823 3175 dixisse
843 3113 936 3174 Gaius
957 3117 985 3193 2,
1001 3113 1064 3174 218
1088 3118 1154 3174 tra·

138 3199 192 3276 dit,
214 3199 297 3259 illius
320 3199 393 3276 ipsis
411 3201 511 3262 verbis
530 3201 630 3262 allatis
652 3194 723 3284 (³eo‚
742 3203 848 3283 inquit,
871 3204 1153 3264 senatusconsulto

137 3306 175 3346 ea
201 3290 319 3346 tantum
347 3289 571 3363 eonfirmantur‚
600 3311 677 3370 quae
700 3292 861 3354 verborum
882 3292 956 3353 vitio
979 3292 1044 3352 iure
1068 3291 1155 3352 oivili

138 3393 198 3433 uon
225 3376 342 3454 valent,
368 3396 429 3436 non
456 3398 532 3455 quae
559 3385 683 3456 propter
711 3382 809 3458 ipsam
830 3399 987 3458 personam
1009 3380 1156 3458 legatarii

138 3479 199 3518 non
222 3457 437 3546 deberentur').
474 3485 510 3526 aa
533 3487 651 3545 quoque
675 3471 796 3530 senatus
819 3471 956 3530 consulta
978 3489 996 3529 a
1016 3470 1155 3530 Masurio

138 3552 274 3623 respeota
297 3569 361 3611 esse
384 3555 562 3633 putaverim,
585 3576 662 3634 quae
686 3562 716 3618 et
736 3556 856 3618 Tiberio
877 3563 909 3620 et
927 3557 1050 3618 Claudio
1070 3559 1156 3634 prin-
