2580 3888
136 156 201 221 298
238 156 260 213 Ι.
283 155 436 212 carnale
455 155 613 212 AUGUSTI
631 155 679 209 ET
697 153 832 230 nauali
849 157 945 212 Iulus
965 155 1146 214 consona]

388 317 432 372 De
449 317 606 372 vadimonio
624 316 740 372 Raram
757 318 891 383 faciendo.

229 421 257 483 1.
274 417 314 484 D.
329 417 359 502 5,
374 419 402 499 1,
417 420 447 502 2,
462 419 491 482 6.
523 417 612 483 Idem
626 413 685 504 (sc.
694 415 868 506 Ulpianus)
883 417 967 483 libro
986 419 1084 484 tertio
1104 419 1146 483 ad

137 506 277 572 edictum
297 507 346 591 (P.
361 503 450 594 213).
472 544 510 554 -
532 508 608 573 ..si
632 506 805 588 dubitetur,
827 514 935 572 utrum
957 508 993 572 in
1015 529 1052 571 ea
1071 509 1146 593 quis

136 617 235 660 causa
268 595 325 681 sit,
356 600 394 660 ut
426 596 556 660 domum
588 617 738 661 revocare
770 597 875 678 possit
901 617 960 662 neo
988 618 1041 680 ne,
1074 597 1144 681 ipse

136 688 268 768 praetor
296 685 391 750 debet
417 706 514 750 causa
543 685 673 768 cognita
702 688 852 750 statuere.
898 685 983 769 quod
1012 686 1039 749 si
1068 707 1144 750 con-

136 774 257 838 stiterit
279 775 314 838 in
338 797 375 838 ea
398 795 565 838 eumesse
589 794 695 856 causa,
719 780 756 838 ut
778 772 909 838 domum
932 776 1069 857 revocet,
1092 774 1145 839 de·

134 862 227 928 bebit
258 864 469 928 vadimonium
495 863 700 946 promittere¹,
732 867 894 928 statuente
926 867 1077 947 praetore
1108 863 1145 928 in

135 973 229 1036 quem
259 953 344 1017 diem
371 951 550 1036 promittat.
597 952 653 1015 sed
682 956 789 1016 utrum
818 951 903 1017 nuda
931 952 1078 1017 cautione
1101 973 1143 1016 an

135 1041 309 1125 satisdato,
336 1040 509 1106 Marcellus
537 1039 678 1104 dubitat:
711 1041 791 1105 mihi
818 1041 944 1106 uidetur
972 1041 1043 1106 sola
1069 1063 1144 1125 pro·

135 1128 297 1214 missione,
321 1130 405 1214 quod
429 1134 462 1193 et
480 1128 565 1192 Mela
589 1127 710 1195 scribit.
752 1128 911 1214 [alioquin
934 1130 1144 1214 'compelletur

133 1217 287 1284 iudicium
321 1218 464 1300 accipere
497 1239 594 1302 quam
625 1217 768 1282 invenire
801 1219 948 1304 eosqui
972 1220 1052 1284 satis
1083 1241 1142 1302 pro

134 1329 172 1372 eo
197 1309 294 1388 dent]

181 1465 226 1520 De
243 1466 349 1520 actione
367 1481 422 1533 qao
440 1464 472 1518 ia
487 1465 626 1532 peculiam
642 1465 763 1532 filiorum
780 1480 968 1535 servorumque
985 1465 1087 1534 coitio.

223 1568 254 1632 2.
281 1564 321 1630 D.
341 1564 393 1647 15,
409 1566 437 1641 1,
451 1565 492 1629 21
505 1587 552 1647 pr.
584 1564 741 1648 Ulpianus
760 1565 843 1630 libro
862 1565 1037 1630 vicensimo
1056 1586 1143 1629 nono

134 1653 174 1720 ad
205 1656 343 1720 edictum
374 1653 423 1740 (P.
443 1653 531 1738 853).
562 1689 599 1700 —
631 1651 763 1719 Summa
791 1677 863 1720 cum
890 1655 1015 1718 ratione
1043 1654 1142 1718 etiam

132 1742 195 1809 hoc
217 1743 343 1830 peculio
362 1747 493 1828 praetor
511 1744 694 1827 imputavit,
717 1743 803 1827 qnod
822 1743 896 1808 dolo
915 1743 1001 1807 malo
1020 1741 1143 1806 domini

133 1831 256 1899 factum
289 1836 351 1916 cst,
383 1832 554 1916 quominus
586 1833 621 1896 in
648 1833 773 1917 peculio
803 1836 896 1898 esset.
947 1831 1002 1895 sed
1031 1831 1143 1896 dolum

134 1924 256 1987 malum
281 1923 426 2005 accipere
450 1920 615 2002 debemus,
640 1922 667 1984 si
691 1921 721 1984 ei
744 1921 865 1986 ademit
888 1920 1061 2004 peculium3
1086 1921 1142 1985 sed

133 2014 166 2072 et
198 2010 226 2074 si
259 2031 331 2074 eum
360 2009 513 2074 intricare
546 2009 706 2092 peculium
738 2010 771 2074 in
803 2031 913 2075 necem
946 2008 1141 2074 creditorum

135 2120 250 2183 passus
275 2102 338 2183 est,
360 2096 446 2160 Mela
470 2097 583 2161 scribit
606 2097 679 2162 dolo
703 2099 788 2163 malo
812 2099 879 2164 eius
903 2097 1035 2164 factum.

443 2247 444 2252 ἵ
465 2270 510 2326 De
527 2271 676 2327 tributario
694 2273 807 2328 actim

221 2373 251 2437 3.
283 2369 390 2454 Ι).50,
410 2370 461 2457 16,
480 2372 555 2437 207.
600 2371 772 2437 Africanus
801 2373 884 2438 libro
912 2374 1009 2438 tertio
1038 2373 1142 2450 Quae·

133 2460 275 2526 stionum
300 2457 349 2548 (P.
364 2456 432 2548 23).
455 2498 498 2506 —
520 2460 637 2526 Mercis
662 2462 878 2546 appellatione
901 2462 1048 2527 homines
1073 2483 1139 2527 non

132 2549 292 2615 contineri
318 2549 404 2614 Mela
437 2549 498 2628 ait,
530 2556 564 2615 et
596 2551 637 2615 ob
671 2573 742 2616 eam
770 2573 838 2617 rem
866 2572 1043 2636 mangones
1073 2573 1139 2616 non

132 2644 341 2720 mercatores,
365 2639 421 2704 sed
444 2639 667 2705 venaliciarios
692 2641 849 2724 appellari
873 2642 927 2706 ait.

220 2752 257 2812 cf.
271 2751 308 2811 D.
324 2754 375 2824 14,
389 2753 419 2824 4,
436 2753 464 2828 1,
480 2753 507 2810 1.
548 2750 698 2828 Ulpianus
721 2751 798 2812 libro
821 2752 981 2812 vicensimo
1004 2771 1083 2813 nono
1101 2751 1140 2811 ad

132 2839 270 2900 edictum.
288 2839 429 2899 -Licet
447 2839 553 2899 mercis
573 2840 736 2916 appellatio
756 2841 913 2919 angustior
929 2842 978 2921 sit,
995 2845 1032 2900 nt
1044 2859 1141 2919 neque

132 2928 169 2988 ad
197 2948 298 2989 servos
326 2928 456 2988 fullones
483 2929 532 2988 vel
559 2929 757 2989 sarcinatores
784 2929 833 2990 vel
860 2932 992 2989 textores
1020 2931 1069 2991 vel
1091 2950 1142 2991 ve·

130 3016 301 3078 naliciarios
323 3017 486 3095 pertineat,
508 3019 609 3076 tamen
632 3017 742 3077 Pedius
842 3018 947 3078 scribit
969 3022 999 3078 et
1018 3039 1045 3098 q.
1065 3037 1086 3080 s.

502 3186 595 3242 Dein
612 3204 667 3242 rem
685 3203 768 3244 verso.

121 3313 126 3321 ·
219 3289 250 3354 4.
277 3287 316 3353 D.
331 3286 382 3371 15,
397 3289 427 3370 3,
442 3289 471 3367 7,
485 3289 514 3352 2.
561 3286 720 3373 Ulpianus
748 3288 831 3353 libro
855 3288 1029 3355 vicensimo
1051 3311 1139 3355 nono

131 3376 171 3440 ad
201 3376 339 3441 edictum
368 3374 417 3463 (Ρ.
432 3373 534 3464 856⁰).
562 3413 605 3424 -
633 3377 805 3444 ..lldela
832 3378 957 3458 scribit,
990 3379 1018 3442 si
1046 3399 1140 3444 servo

202 3536 216 3582 1
239 3531 313 3587 Trib.
333 3549 429 3587 cavere
448 3531 477 3587 in
496 3531 600 3589 iudicio
620 3533 689 3590 sisti.
