2508 3896
171 150 237 215 528
273 151 306 206 11.
326 149 394 204 ma
418 147 494 203 suu
517 147 648 206 onnon.
671 147 807 206 nescu,
830 108 936 203 anne.
958 147 1056 204 mais
1075 149 1178 206 sous,

172 318 210 377 ad
228 317 391 394 Plautium,
415 336 473 393 quo
497 318 561 376 loco
585 317 688 376 eadem
708 318 801 378 verba
818 335 855 376 ex
871 316 989 376 Iuliano
1009 318 1182 378 referuntur

170 405 228 465 nisi
256 406 332 483 quod
359 406 433 465 haec
459 407 614 485 legrmtnr:
642 401 783 465 ‘traditus
806 410 860 466 est.
906 405 1035 465 Sabinus
1060 403 1181 468 Cassius

171 513 259 570 posse
281 498 311 554 ta
334 496 408 553 mihi
430 495 582 555 hominem
604 494 771 567 condicere,
795 489 859 554 sed'
882 498 912 554 et
934 515 962 570 q.
981 513 1004 554 s.

260 596 333 661 145.
371 596 408 660 D.
430 596 479 678 19,
499 593 648 679 5,17,5.
707 593 864 678 Ulpianus
901 595 986 660 libro
1023 595 1179 661 vicesimo

172 687 287 749 octavo
322 685 362 749 ad
395 685 536 750 edictum
568 683 619 771 (P.
637 680 727 770 806).
758 719 796 730 -
826 682 860 750 si
892 685 963 768 quis
997 685 1180 769 sponsionis

173 795 271 838 causa
295 774 410 838 anulos
435 774 594 856 acceperit
616 794 675 838 nec
697 772 802 837 reddit
824 772 938 838 victori
962 821 1029 854 ...,
1057 773 1181 838 condici

173 867 206 926 et
228 861 306 926 furti
330 862 384 948 agi
408 885 447 926 ex
469 861 530 927 hac
553 883 651 926 causa
673 865 766 945 putat
790 859 846 945 (so.
866 858 1032 947 Sabinus).

260 964 382 1041 Ulpiani
406 965 498 1024 verba
519 966 609 1040 plena
631 967 715 1024 sunt:
742 957 761 1022 ³.
776 1007 807 1024 ..
829 963 949 1042 victori,
973 961 1181 1042 [praescriptis

170 1051 285 1130 verbis]
310 1054 387 1113 actio
409 1054 440 1112 in
468 1073 536 1113 eum
563 1053 720 1130 competit,
753 1071 808 1112 nec
836 1052 915 1112 enim
941 1052 1115 1129 recipienda
1137 1057 1181 1114 cst

171 1142 275 1218 Sabini
298 1142 407 1220 opinio,
430 1143 482 1218 qui
505 1142 619 1202 condici
717 1135 826 1217 putat’.

261 1244 332 1308 146.
365 1243 404 1307 D.
419 1244 449 1328 7,
462 1243 492 1324 5,
506 1243 536 1320 5,
551 1244 580 1308 1.
625 1241 785 1326 Ulpianus
809 1243 893 1307 libro
917 1246 1033 1307 octavo
1058 1242 1179 1308 decimo

170 1332 212 1397 ad
235 1331 390 1397 Sabinum
409 1327 459 1418 (P.
473 1331 583 1418 2591).
606 1367 651 1378 -
674 1330 709 1396 si
732 1331 887 1416 pecuniae
910 1332 955 1396 sit
977 1331 1178 1396 ususfructus

169 1421 298 1504 legatus
322 1420 388 1505 [vel
410 1421 548 1486 aliarum
571 1442 679 1485 rerum
698 1440 780 1504 quac
798 1421 832 1484 in
850 1420 955 1485 abusu
973 1421 1180 1502 consistunt],

170 1531 228 1575 nco
251 1513 358 1575 cautio
381 1510 588 1591 interveniat,
618 1509 802 1592 videndum,
829 1508 922 1575 finito
945 1507 1116 1574 usufructu
1139 1532 1178 1574 an

169 1598 305 1684 pecunia
333 1621 414 1683 quae
443 1597 519 1662 data
547 1598 590 1662 sit·
617 1597 683 1678 [vel
710 1602 833 1663 ceterae
861 1619 926 1680 res,
953 1619 1034 1682 quae
1062 1598 1099 1662 in
1127 1599 1178 1663 ab·

170 1688 352 1771 sumptione
384 1689 488 1771 sunt],
520 1686 645 1751 condici
676 1686 805 1770 possint
913 1681 1053 1751 Sabinus
1087 1689 1180 1770 putat

169 1799 265 1861 posse
289 1777 451 1858 [condicil.

257 1879 404 1956 Ulpianus
437 1878 521 1939 addit
554 1872 656 1954 ‘quam
688 1877 867 1936 sententiam
900 1880 930 1936 ot
963 1876 1070 1937 Celsus
1104 1878 1179 1937 libro

168 1972 275 2028 octavo
294 1969 407 2028 decimo
427 1969 619 2044 Digestorum
637 1959 766 2044 probat?
798 1967 834 2026 de
853 1965 993 2044 loquendi
1012 1985 1124 2042 genere
1143 1967 1178 2027 cl

169 2055 357 2116 Gradenwitz
379 2077 407 2131 p.
425 2058 473 2115 28.

261 2149 332 2213 147.
357 2146 427 2212 Gai.
442 2148 471 2232 3,
486 2148 537 2212 91.
557 2148 650 2212 -Is
670 2199 700 2215 ..
719 2149 774 2234 qui
796 2171 862 2215 non
886 2147 1030 2213 debitum
1055 2149 1181 2234 accepit

169 2237 212 2302 ab
245 2259 282 2301 so
316 2236 371 2321 qui
403 2257 460 2319 per
492 2257 632 2301 errorem
664 2239 774 2320 solvit,
806 2261 840 2304 re
873 2237 1047 2321 obligatur.
1104 2260 1180 2301 nam

169 2325 302 2410 proinde
326 2326 356 2388 ei
378 2323 503 2390 condici
525 2327 648 2409 potest:
671 2326 698 2389 si
720 2329 813 2410 paret
832 2348 905 2391 eum
924 2325 1000 2389 dare
1020 2330 1180 2409 oportere,

169 2435 208 2479 ac
240 2412 268 2476 si
298 2416 445 2477 mutuum
473 2413 657 2498 accepisset.
706 2415 790 2478 unde
819 2414 948 2498 quidam
976 2416 1096 2497 putant
1122 2436 1180 2498 pu·

168 2502 282 2586 pillum
311 2506 367 2565 aut
393 2501 560 2567 mulierem
589 2505 639 2567 cui
663 2503 732 2567 sine
754 2503 872 2568 tutoris
895 2503 1090 2568 auctoritate
1113 2525 1179 2568 non

169 2593 315 2657 debitum
333 2612 391 2674 per
409 2612 550 2657 errorem
570 2592 753 2676 detumeat,
770 2613 835 2657 non
848 2592 951 2657 teneri
965 2591 1181 2676 condictione,

167 2704 234 2747 non
257 2681 363 2767 magis
388 2701 483 2764 quam
507 2682 611 2745 mutui
635 2680 775 2747 datione.

257 2785 380 2844 Pernics
404 2783 428 2852 Ι,
443 2785 506 2842 422
529 2782 655 2842 iudicat:
683 2777 756 2840 ‘Das
779 2783 821 2842 ist
843 2783 891 2842 dis
914 2782 1180 2844 altsabinianisohe

169 2866 375 2951 Auffassung.'
411 2872 491 2930 idem
514 2872 560 2930 vir
582 2871 770 2931 doctissimus
793 2871 848 2930 hoc
867 2872 945 2948 quod
965 2871 1080 2931 subieci
1099 2874 1181 2949 frag-

168 2965 268 3022 mento
293 2961 395 3021 Sabini
418 2959 598 3019 sententiam
620 2958 744 3035 exprimi
766 2961 863 3035 putat.

260 3052 344 3118 148?
362 3051 401 3115 D.
414 3053 464 3133 12,
474 3051 504 3129 6,
514 3051 534 3114 2
544 3073 591 3134 pr.
621 3052 710 3116 Idem
725 3047 782 3137 (sc.
797 3048 971 3138 Ulpianus)
986 3051 1071 3115 libro
1087 3055 1180 3117 sexto

170 3142 292 3207 decimo
316 3141 355 3205 ad
376 3139 532 3205 Sabinum
550 3139 598 3224 (P.
609 3137 734 3223 25441’).
753 3176 795 3186 —
817 3138 852 3206 si
875 3141 946 3223 quis
968 3139 1014 3204 sic
1033 3140 1180 3222 solverit,

168 3234 217 3314 ut,
245 3231 273 3294 si
301 3229 503 3312 apparuisset
528 3249 597 3293 esse
619 3228 798 3293 indebitum
823 3230 887 3309 [vel
909 3226 1055 3293 Falcidia
1077 3251 1181 3295 emer·

168 3317 270 3398 serit],
284 3317 443 3395 reddatur,
456 3317 608 3399 repetitio
624 3317 729 3383 locum
744 3317 889 3382 habebit:
907 3318 1077 3401 negotium
1092 3320 1180 3384 enim

168 3409 369 3470 contractum
392 3410 442 3468 est
463 3404 547 3468 inter
570 3427 633 3470 eos.

256 3505 393 3565 Pernics:
416 3506 516 3566 Labeo
538 3505 594 3584 III,
609 3510 671 3566 247
691 3526 720 3565 n.
741 3510 769 3567 2.
