2580 3888
507 187 532 236 9.
555 181 686 239 FABIUS
708 182 810 238 MULA
1096 184 1162 247 293
1223 232 1226 237 .

504 359 552 418 De
575 361 689 420 noenu
711 378 811 420 cuasa

242 470 292 534 12.
315 470 354 534 Ι).
368 469 422 555 40,
437 470 487 554 12,
501 470 554 552 24,
568 471 599 534 4.
636 469 726 534 Idem
745 467 802 555 (sc.
818 469 951 554 Paulus)
965 471 1050 535 libro
1070 471 1160 556 quin·

153 560 363 643 quagessimo
389 559 494 643 primo
523 558 564 622 ad
589 558 726 623 edictum
750 556 798 643 (P.
814 559 902 642 646).
928 594 965 606 -
993 558 1027 624 si
1053 559 1162 644 isqui

151 647 186 710 in
216 648 400 712 libertatem
427 644 606 731 adseriturl,
634 647 712 711 furti
745 653 801 711 aut
827 647 938 711 damni
970 648 1088 713 iniuria
1120 650 1161 713 ab

153 736 261 822 aliquo
291 742 459 822 arguatur,
486 735 571 801 Mela
605 737 651 800 ait
682 737 813 801 interim
846 757 918 800 eum
949 739 1162 802 uadimonium

151 824 252 906 fucere
279 821 408 908 deberel,
435 847 476 890 ne
504 825 647 889 melioris
675 825 872 890 condicionis
902 825 945 889 sit
968 825 1023 908 qui
1046 825 1161 890 dubiae

153 913 314 979 libertatis
351 918 414 998 111,
457 935 554 998 quam
591 915 645 997 qui
682 919 803 1000 certae,
845 912 900 978 scd
938 913 1160 979 sustinendum

153 1001 315 1086 iudicium,
338 1025 378 1068 ne
400 1002 632 1086 praeiudicium
650 1001 797 1067 libertati
813 1002 881 1068 fiat.
922 1024 1023 1086 aeque
1043 1002 1070 1067 si
1090 1024 1162 1067 cum

151 1111 338 1176 possessore
361 1091 501 1156 hominis
524 1091 603 1156 furti
626 1091 681 1177 agi
704 1091 860 1176 coeperit,
883 1090 996 1156 deinde
1019 1091 1048 1156 is
1072 1091 1162 1156 cuius

151 1179 282 1244 nomine
306 1180 472 1265 agebatur,
494 1179 529 1245 in
552 1180 737 1244 libertatem
755 1181 895 1246 11111111
912 1177 979 1262 siu,
1002 1181 1163 1245 sustinen-

152 1268 229 1333 dum
261 1269 428 1352 iudicium,
459 1272 509 1352 ut,
541 1268 569 1334 si
601 1268 685 1333 liber
715 1269 875 1335 iudicatus
904 1271 960 1351 sit,
992 1269 1026 1333 in
1053 1269 1161 1355 ipsum

152 1357 367 1423 transferatur
390 1357 557 1441 iudicium,
581 1361 626 1441 et,
649 1358 677 1422 si
699 1357 864 1424 damnatio
887 1358 975 1424 facta
999 1359 1057 1443 sit,
1079 1357 1163 1422 iudi-

155 1447 219 1512 cati
243 1447 403 1512 actionem
426 1446 535 1531 potius
559 1447 593 1511 in
616 1468 689 1511 eum
713 1447 862 1513 dandam.

486 1628 641 1689 Columnae?
663 1631 828 1689 dicddacndo.

243 1740 292 1804 13.
316 1738 355 1805 D.
372 1739 424 1821 10,
443 1741 473 1820 3,
491 1741 522 1822 4,
543 1743 570 1805 1.
597 1737 688 1803 Idem
707 1735 765 1826 (sc.
779 1737 953 1825 Ulpianus)
973 1740 1058 1805 libro
1076 1761 1162 1805 nono

154 1827 278 1893 decimo
307 1829 345 1893 ad
377 1828 515 1893 edictum
540 1826 590 1915 (P.
606 1824 695 1915 638).
723 1866 761 1876 —
785 1826 835 1893 De
862 1832 960 1913 puteo
989 1831 1163 1914 quaeritur,

155 1939 197 1980 an
219 1918 381 1983 communi
406 1917 578 1982 dividundo
602 1917 720 1983 iudicio
744 1916 798 2002 egi
821 1919 933 2002 possit,
957 1921 990 1982 et
1014 1919 1060 1983 ait
1077 1916 1163 1983 Mela

153 2008 200 2070 ita
223 2004 351 2070 demum
373 2027 482 2091 posse,
505 2007 533 2071 si
556 2008 660 2072 solum
684 2007 752 2071 eius
776 2028 944 2072 commune
969 2008 1020 2072 sit.

458 2189 506 2248 De
528 2191 667 2263 emptione
688 2171 854 2250 conditioni.

243 2299 293 2363 14.
315 2296 355 2363 D.
373 2299 577 2382 19,1,17,6.
619 2296 780 2382 Ulpianus
798 2300 883 2364 libro
903 2301 1094 2384 trigensimo
1113 2321 1160 2364 se

153 2387 255 2452 cundo
284 2387 325 2451 ad
354 2387 491 2452 edictum
516 2385 564 2474 (P.
579 2385 681 2474 938⁰).
704 2425 747 2436 —
771 2386 806 2453 Si
832 2395 906 2454 ruta
932 2396 966 2455 et
995 2412 1089 2455 11111
1111 2410 1164 2453 ex·

153 2475 314 2561 cipiantur
345 2477 378 2540 in
410 2476 607 2558 venditione,
640 2499 678 2540 ea
710 2478 832 2560 placuit
862 2499 931 2542 esse
958 2483 1046 2561 ruta,
1079 2499 1162 2561 quae

154 2569 245 2630 erute
267 2571 351 2648 sunt,
374 2573 411 2629 111
433 2565 561 2646 harena,
584 2571 672 2629 creta
691 2575 724 2628 11
747 2564 881 2650 similia,
905 2587 998 2631 caesa
1022 2588 1059 2630 ea
1083 2588 1162 2648 esse,

153 2660 190 2718 ut
216 2654 346 2719 arbores
375 2675 485 2719 caesas
509 2657 541 2717 et
564 2653 720 2718 carbones
744 2654 849 2717 ethis
873 2653 1002 2718 similia.
1048 2653 1161 2719 Gallus

154 2746 261 2808 eutem
285 2742 450 2827 Aquilius,
478 2742 567 2807 cuius
589 2740 676 2806 Mela
698 2742 796 2807 refert
818 2741 1091 2828 opinionem,
1116 2742 1163 2806 eit

152 2831 274 2896 frustra
297 2832 332 2895 in
355 2832 427 2918 lege
445 2830 640 2895 venditionis
664 2831 703 2895 de
721 2831 801 2896 rutis
821 2837 855 2896 et
873 2831 975 2896 caesis
993 2829 1159 2910 contineri,

154 2921 252 3007 (quia,
276 2920 392 2986 sinon
417 2919 600 3008 specialiter
622 2921 799 3003 venierunt,
822 2921 862 2985 ad
886 2919 1100 2986 exhibendum
1123 2919 1162 2983 de

152 3009 204 3075 his
228 3010 283 3094 agi
306 3011 437 3093 potest}

243 3122 279 3181 de
303 3122 390 3181 Gallo
412 3120 535 3199 Aquilio
554 3121 702 3182 11120.

243 3223 293 3289 15.
312 3220 352 3289 D.
365 3223 415 3306 19,
424 3222 454 3303 5,
464 3224 517 3306 20,
529 3225 557 3288 1.
581 3222 670 3286 ldem
685 3218 744 3309 (sc.
754 3219 928 3311 Ulpianus)
943 3224 1026 3288 libro
1039 3223 1163 3306 trigen-

155 3311 237 3376 sime
261 3310 399 3378 secundo
419 3312 458 3375 ad
477 3312 615 3376 edictum
638 3309 687 3397 (P.
703 3306 792 3396 943).
811 3347 853 3357 -
873 3312 1025 3397 ...apud
1044 3311 1162 3376 Melam

226 3491 240 3539 1
268 3486 344 3542 Tre‘t.
372 3485 537 3555 proclamat.
610 3489 626 3540 2
653 3485 726 3540 Tret.
758 3501 856 3540 cavere
880 3484 981 3542 debere
1005 3484 1108 3542 iudicio
1133 3503 1162 3540 se

155 3553 224 3610 sisti.
297 3563 313 3612 3
334 3555 411 3612 Trio.
429 3556 652 3626 proclamaverit.

1214 3618 1257 3625 A...
