2512 3888
386 175 411 225 2.
434 165 618 223 missales
637 165 789 222 scamus
1025 163 1095 228 473.

167 327 218 392 ‘Hi
245 354 317 396 vero
346 335 398 414 qui
420 335 452 396 in
474 336 623 411 potestate
646 334 781 411 parentis
805 338 888 409 sunt,
912 336 1031 395 mortuo
1055 353 1095 395 eo·

80 422 128 483 sni
166 423 240 484 iuris
277 423 362 486 fiunt.
422 425 475 485 sed
512 423 568 482 hoc
604 422 826 483 distinctionem
863 423 981 500 recipit3
1018 443 1094 482 nam

77 514 196 572 mortno
219 515 305 589 patre
329 531 400 574 sane
423 512 504 574 omni
523 512 610 573 modo
628 512 684 572 filii
702 511 820 572 filiaeve
839 511 887 570 sui
904 512 978 572 iuris
999 512 1094 573 effici·

77 603 185 677 untur3
207 605 328 663 mortuo
350 621 422 664 vero
446 620 501 663 avo
520 621 580 662 non
598 600 680 662 omni
699 600 787 660 modo
805 603 929 676 nepotes
947 603 1090 677 neptesve

78 690 126 750 eui
147 689 223 750 iuris
245 689 335 769 fiunt,
358 691 411 752 sed
432 691 485 768 ita,
510 690 536 750 si
557 694 628 766 post
649 691 776 748 mortem
798 688 849 748 avi
870 688 902 748 in
923 689 1091 764 patrissui

78 781 260 857 potestatem
294 780 427 841 recasuri
457 798 518 840 non
550 783 628 839 sunt.
678 778 780 856 itaque
808 779 833 836 si
859 777 1005 837 moriente
1033 797 1089 840 avo

78 871 166 945 pater
199 886 302 928 eorum
329 872 361 929 et
386 869 471 930 vivat
498 872 529 928 et
555 868 587 927 in
614 870 765 944 potestate
792 867 887 942 patris
915 866 962 925 sui
989 867 1093 944 fuerit

76 959 149 1018 tunc
180 960 249 1032 post
281 958 397 1018 obitum
428 958 478 1019 avi
508 958 541 1016 in
567 957 664 1034 patris
692 956 739 1015 sui
765 956 916 1031 potestate
943 953 1033 1032 fiunt3
1064 955 1093 1014 si

17 1045 21 1052 '
78 1046 288 1123 aereisque
312 1051 445 1123 tempore
469 1065 543 1106 avus
567 1046 702 1121 moritur,
726 1048 780 1104 aut
802 1044 863 1104 iam
885 1045 1024 1104 mortuus
1042 1046 1093 1103 est

77 1137 131 1193 aut
158 1135 231 1194 exiit
254 1135 290 1194 de
313 1137 462 1211 potestate
484 1136 594 1213 patris,
621 1133 761 1211 turchi,
788 1133 840 1210 qui
858 1132 890 1191 in
908 1134 1090 1208 potestatem

78 1223 142 1282 eius
170 1223 276 1282 cadere
303 1243 363 1283 non
385 1229 525 1300 possunt,
551 1224 598 1284 sui
619 1224 695 1284 iuris
717 1221 802 1282 fiunt.
848 1240 916 1281 cum
938 1225 1040 1281 antem
1062 1221 1090 1282 is

78 1312 127 1372 cni
154 1310 193 1370 ob
218 1312 339 1389 aliquod
362 1312 541 1372 maleficium
564 1313 689 1390 exlege
712 1310 850 1372 Cornelia
872 1329 951 1388 aqua
973 1312 1005 1370 et
1026 1309 1092 1388 igni

77 1399 279 1475 interdicitur,
317 1400 468 1462 civitatem
500 1400 665 1461 Romanam
702 1401 837 1477 amittat,
878 1398 1014 1476 sequitur
1045 1401 1092 1475 nt,

78 1488 150 1566 quia
182 1507 216 1549 eo
249 1488 336 1549 modo
368 1507 404 1548 ex
434 1508 559 1550 numero
589 1489 702 1550 civium
728 1490 932 1550 Romanorum
958 1487 1090 1561 tollitur,

79 1576 204 1654 proinde
237 1595 271 1638 ac
301 1580 419 1637 mortuo
447 1596 482 1638 eo
509 1577 648 1656 desinant
674 1578 762 1638 liberi
788 1577 819 1637 in
846 1578 997 1653 potestate
1024 1577 1093 1636 eius

78 1683 157 1742 esse;
188 1683 243 1725 neo
271 1665 351 1725 enim
378 1665 458 1726 ratio
485 1666 614 1745 patitur,
643 1671 680 1725 ut
706 1665 882 1743 peregrinae
910 1665 1090 1726 condicionis

78 1754 168 1814 horno
192 1755 287 1816 civem
309 1755 477 1814 Romamn
499 1756 531 1814 in
552 1757 703 1832 potestate
725 1754 847 1815 habeat.
887 1753 955 1830 pari
973 1754 1089 1814 ratione

78 1846 109 1903 et
133 1844 159 1903 si
182 1843 211 1903 ei
233 1844 285 1921 qni
308 1845 338 1902 in
361 1845 511 1919 potestate
534 1844 666 1920 parentis
689 1844 738 1923 sit,
761 1861 840 1920 aqua
863 1845 894 1902 et
916 1842 982 1920 igni
998 1843 1091 1902 inter-

78 1931 193 1992 dictum
224 1932 329 2010 fuerit,
362 1932 473 1992 desinit
502 1933 534 1991 in
565 1935 715 2009 potestate
744 1931 879 2011 parentis
906 1948 984 2010 esee,
1016 1931 1093 2009 quia

78 2039 172 2098 aeque
199 2021 279 2081 ratio
301 2039 361 2081 non
383 2021 514 2098 patitur,
540 2024 577 2082 ut
598 2023 774 2100 peregrinae
796 2019 977 2081 condicionis
1000 2022 1093 2081 homo

76 2110 109 2168 in
131 2113 283 2187 potestate
307 2110 347 2170 sit
369 2110 443 2171 civis
466 2110 592 2172 Romani
614 2111 757 2188 parentis.
802 2109 910 2188 quodsi
933 2112 971 2169 ab
994 2109 1089 2170 hosti-

75 2197 133 2258 bus
165 2201 272 2276 captus
299 2199 392 2260 fuerit
418 2219 539 2279 parens,
571 2200 706 2278 quamvis
734 2217 839 2261 servus
865 2198 999 2258 hostium
1026 2198 1093 2274 fiat,

76 2290 179 2347 tamen
205 2287 315 2364 pendet
342 2288 389 2347 ius
416 2288 582 2350 liberorum
608 2294 732 2367 propter
758 2289 807 2348 ins
832 2287 1088 2365 postliminii

76 2375 181 2451 itaque
203 2394 339 2437 reversus
364 2376 487 2437 habebit
508 2378 618 2438 liberos
640 2379 674 2438 in
691 2379 850 2454 potestate.
892 2376 1006 2437 sivero
1025 2376 1089 2436 illic

76 2466 214 2524 mortuns
237 2465 285 2538 sit,
309 2470 397 2525 erunt
418 2465 539 2542 quidem
562 2466 650 2526 liberi
673 2469 722 2526 sni
744 2466 832 2542 iuris3
855 2464 908 2524 sed
929 2467 1034 2524 utrum
1053 2484 1092 2524 ex,

76 2554 135 2614 hoc
156 2556 291 2630 tempore
315 2573 374 2631 quo
399 2557 534 2614 mortuus
557 2557 604 2614 est
626 2555 707 2630 apud
728 2556 831 2614 hostes
853 2571 970 2629 parens,
993 2571 1033 2612 an
1053 2571 1090 2612 ex

75 2642 131 2702 illo
164 2661 222 2720 quo
252 2642 290 2701 ab
317 2642 455 2701 hostibus
483 2645 587 2718 captus
615 2645 673 2716 est,
706 2641 839 2702 dubitari
865 2642 975 2717 potest
1023 2641 1089 2717 ipse

77 2750 197 2809 quoque
219 2730 301 2790 filius
323 2748 454 2808 neposve
477 2731 503 2790 si
527 2732 564 2791 ab
587 2732 726 2792 hostibus
749 2732 855 2806 captus
878 2728 984 2804 fuerit,
1010 2729 1089 2788 eimi-

76 2820 148 2880 liter
178 2819 311 2880 dicemus
332 2821 456 2896 propter
482 2819 530 2880 ius
556 2819 734 2897 postliminii
760 2819 942 2896 potestatem
970 2835 1092 2893 qnoque

75 2907 212 2986 parentis
234 2908 267 2968 in
289 2926 433 2985 suspenso
457 2927 530 2971 esse.
571 2913 728 2986 praeterea
750 2910 861 2968 exeunt
882 2905 970 2966 liberi
992 2905 1089 2965 virilis

79 3015 168 3058 sexus
192 2997 228 3057 de
253 2997 387 3074 parentis
409 3001 568 3076 potestate,
591 2999 617 3059 si
635 2998 770 3058 flamines
789 2995 891 3056 Diales
909 2994 1090 3071 inauguren-

75 3088 141 3165 ω’
168 3086 1092 3250 stellaturtlsttlltltt“stlta

76 3267 237 3341 parentam
260 3281 333 3326 esse.
377 3264 429 3323 sed
451 3263 532 3323 filius
555 3264 676 3340 quidem
693 3264 791 3323 tribus
810 3260 1090 3338 mancipationibus‚

76 3352 170 3413 ceteri
206 3370 276 3414 vero
307 3353 410 3431 liberi,
446 3353 509 3412 sive
541 3352 700 3413 masculini
731 3370 819 3412 sexus
852 3350 914 3412 sive
945 3349 1091 3428 feminini,

76 3460 139 3502 una
173 3440 393 3517 mancipatione
430 3444 540 3501 exeunt
576 3442 612 3501 de
650 3444 808 3518 parentum
839 3440 1004 3517 potestate;
1041 3439 1090 3498 lex

77 3529 158 3590 enim
181 3529 240 3589 XII
270 3529 443 3590 tabularum
475 3532 593 3591 tantum
624 3531 657 3591 in
687 3550 817 3608 persona
845 3529 901 3589 filii
928 3528 963 3589 de
990 3527 1089 3589 tribus
