2550 3888
162 130 205 193 58
242 129 263 184 I.
289 127 442 183 nunnus
466 126 624 183 AUGUSTI
647 127 693 182 ET
717 99 851 182 TiBERII
874 127 970 183 IURIS
994 89 1170 184 CONSULTI

162 298 289 376 Paulus:
309 289 420 356 ‘Labeo
438 290 577 371 putabat'
597 295 705 358 Collet.
722 300 749 370 2,
760 297 789 372 5,
801 300 829 356 2.
866 295 934 356 Vat.
949 298 985 356 fr.
998 301 1024 356 1.
1062 292 1169 357 ‘habeo

163 379 338 460 aeoipiebat'
363 386 399 446 D.
414 388 466 462 46,
482 388 510 462 8,
528 387 577 445 15.
623 385 783 461 Ulpianus:
807 381 918 445 ‘Labeo
941 380 1081 461 putabat'
1105 386 1168 447 Vst.

162 475 198 535 fr.
215 475 266 534 60.
288 474 326 533 D.
342 475 393 550 39,
409 477 437 551 2,
453 477 503 550 30,
519 477 546 532 1.
593 469 704 534 ‘Labeo
728 467 859 534 dicebat'
880 474 917 535 D.
932 478 962 550 4,
977 477 1006 552 2,
1022 477 1073 550 14,
1088 478 1118 534 9.

251 562 410 638 Reliquum
437 565 496 639 est,
523 565 559 622 ut
585 567 779 640 eonspeotum
806 583 911 622 eorum
935 563 1168 641 fragmentorum

162 671 340 729 proponam,
363 652 470 728 quibus
493 652 641 728 Labeonis
665 653 786 711 eaedem
809 655 974 711 sententiae
996 655 1052 711 aut
1078 671 1096 710 a
1119 654 1169 712 du·

162 741 237 800 obus
264 741 340 800 iuris
366 741 511 801 consultis
534 743 588 800 aut
611 741 649 800 nb
673 741 777 800 eodem
801 740 937 815 pluribus
960 741 1033 800 loeis
1055 742 1170 802 variata

161 830 332 889 afferuntur.

655 971 680 1031 I.

227 1095 332 1156 Celsus
364 1096 441 1155 libro
474 1098 557 1154 serto
585 1095 635 1153 de·
756 1095 1168 1171 Pomponinslibrotertiosd

159 1186 236 1244 cinno
263 1184 457 1262 Digestorum
483 1182 520 1242 D.
536 1185 636 1255 28,5,
692 1181 836 1242 Sabinum
846 1183 1167 1259 D.41,1,19.—-Tre·

161 1277 203 1335 60
212 1293 256 1350 pr.
279 1304 323 1315 -
345 1273 436 1332 Liber
456 1273 544 1332 homo
567 1291 636 1332 oum
690 1272 806 1348 botius,
829 1272 855 1331 ei
881 1272 958 1331 liber
979 1272 1068 1332 homo
1092 1274 1169 1334 bona

158 1362 216 1422 tibi
230 1362 364 1440 serviret,
377 1362 463 1420 heres
477 1361 635 1434 institutus
690 1360 748 1419 fide
771 1361 903 1421 serviens
925 1359 1012 1420 iussu
1035 1361 1098 1420 eius
1122 1363 1168 1421 oui

158 1452 243 1511 iussu
268 1454 322 1510 tuo
346 1449 429 1509 adiit.
475 1449 635 1509 Trebatius
691 1449 810 1527 serviet,
829 1449 1027 1509 hereditatem
1048 1450 1168 1528 adisset,

159 1558 224 1599 esee
256 1559 324 1598 eum
356 1539 509 1614 heredem,
535 1539 637 1599 Labeo
689 1538 830 1597 heredem
869 1538 969 1614 ipsum
1010 1537 1076 1598 fieri
1115 1558 1167 1598 nee

157 1633 230 1686 tuno
257 1648 317 1688 uon
344 1647 409 1688 esse
432 1628 584 1705 heredem,
610 1628 666 1686 si
690 1627 834 1686 interesse
856 1627 928 1704 quid
952 1627 1079 1687 senserit
1103 1625 1169 1704 [sed

157 1717 335 1776 necessitate
367 1717 399 1776 id
429 1717 549 1794 feeerit,
577 1735 635 1776 non
690 1716 762 1792 quid
790 1712 919 1817 feeeritl.
968 1715 1069 1776 Labeo
1099 1735 1168 1776 oon·

69 1843 72 1850 .
158 1806 239 1883 quod
247 1805 381 1881 ahoquin
390 1807 483 1866 vellet
499 1805 636 1883 obligari.
690 1810 751 1882 t‚ra
789 1805 815 1864 si
851 1823 887 1864 ex
923 1805 1101 1865 necessitate
1137 1805 1168 1864 id

690 1851 821 1971 fecisset3
846 1893 925 1970 quod
952 1893 978 1951 ei
1000 1893 1056 1972 ita,
1080 1897 1116 1953 nt
1138 1898 1168 1953 et

689 1982 753 2058 ipse
803 1983 907 2065 veliet,
952 1982 1053 2058 ipsum
1103 1982 1168 2042 fieri

690 2072 836 2130 heredem.

641 2299 680 2360 H.

224 2423 440 2501 Ge11.4,2,12.
456 2453 497 2464 -
513 2442 582 2482 eum
594 2469 601 2486 .
611 2470 634 2501 .,
754 2424 867 2484 Paulus
898 2425 976 2484 libro
999 2425 1165 2486 undecimo

156 2513 205 2571 eui
242 2514 316 2572 dens
349 2513 478 2585 deesset,
512 2511 632 2573 Servius
688 2513 725 2572 ad
745 2513 889 2572 Sabinum
909 2515 943 2574 D.
956 2517 1007 2590 21,
1020 2517 1110 2588 1,11.
1124 2547 1166 2556 -

155 2602 298 2662 rethiberi
338 2620 425 2680 posse
469 2603 632 2680 respondit,
687 2601 744 2662 Ou‘i
781 2603 853 2661 dens
889 2603 989 2675 abest,
1022 2621 1082 2661 non
1120 2605 1168 2663 est
1207 2612 1210 2622 “

153 2691 294 2751 Labeo'
285 2711 317 2750 m
349 2710 440 2751 eausa
474 2710 538 2751 esse
574 2696 632 2751 ret-
686 2692 859 2751 morbosus:
877 2707 988 2769 magna
1002 2710 1082 2750 emm
1095 2711 1167 2768 pars

153 2780 276 2839 bibendi
315 2781 451 2858 negavit:
491 2799 562 2840 nam
602 2786 632 2840 et
619 2781 840 2840 thominum
859 2781 958 2858 aliquo
979 2781 1067 2839 dente
1081 2784 1166 2840 earet

80 2923 82 2930 ,
153 2888 272 2944 magna,
303 2869 410 2944 inquit,
442 2873 512 2944 pa'rs
543 2868 631 2929 dente
685 2887 781 2946 neque
817 2869 885 2928 ideo
921 2869 1053 2929 morbosi
1085 2873 1167 2947 sunt,

154 2955 631 3034 aliquooarent,nequeeomsgie
685 2957 861 3032 praesertim
887 2976 955 3017 oum
978 2957 1041 3016 sine
1071 2957 1167 3018 denti·

152 3045 288 3122 plerique
329 3045 464 3103 homines
501 3045 632 3104 morbosi
685 3045 969 3106 busnasoimurneo
982 3046 1050 3106 ideo
1065 3047 1166 3106 minus

153 3137 233 3211 sunt,
247 3141 277 3193 et
291 3132 453 3193 absurdum
471 3134 630 3193 admodum
686 3135 752 3193 sani
789 3153 891 3194 sununs
929 3135 1021 3194 donee
1058 3135 1166 3195 dentes

152 3226 200 3282 est
222 3223 328 3298 dicere,
350 3241 411 3282 non
439 3241 526 3283 senos
548 3223 631 3282 nasei
684 3222 859 3301 habeamus,
894 3224 1028 3302 alioquin
1060 3225 1166 3284 nullus

137 3312 300 3388 homines,
324 3311 465 3390 quoniam
493 3329 560 3370 eum
587 3313 629 3371 in·
685 3331 774 3372 senex
797 3329 887 3372 sanus
911 3316 998 3373 esset.

152 3399 285 3459 fontibus
317 3420 376 3460 non
408 3400 497 3460 simul
525 3400 629 3461 dentes

153 3486 327 3563 gignuntur.
642 3483 657 3571 i
