<?xml version="1.0" encoding="UTF-8"?>
<!DOCTYPE html PUBLIC "-//W3C//DTD XHTML 1.0 Transitional//EN"
    "http://www.w3.org/TR/xhtml1/DTD/xhtml1-transitional.dtd">
<html xmlns="http://www.w3.org/1999/xhtml" xml:lang="en" lang="en">
 <head>
  <title>
</title>
<meta http-equiv="Content-Type" content="text/html;charset=utf-8" />
  <meta name='ocr-system' content='tesseract 3.04.00' />
  <meta name='ocr-capabilities' content='ocr_page ocr_carea ocr_par ocr_line ocrx_word'/>
</head>
<body>
  <div class='ocr_page' id='page_1' title='image "./iurisprudentiae04bremgoog_0422.png"; bbox 0 0 2512 3888; ppageno 0'>
   <div class='ocr_carea' id='block_1_1' title="bbox 165 159 1177 228">
    <p class='ocr_par' dir='ltr' id='par_1_1' title="bbox 165 159 1177 228">
     <span class='ocr_line' id='line_1_1' title="bbox 165 159 1177 228; baseline 0.001 -11"><span class='ocrx_word' id='word_1_1' title='bbox 165 164 233 228; x_wconf 85' lang='lat'>434</span> <span class='ocrx_word' id='word_1_2' title='bbox 268 163 302 218; x_wconf 89' lang='grc' dir='ltr'>ΙΙ.</span> <span class='ocrx_word' id='word_1_3' title='bbox 327 161 395 217; x_wconf 85' lang='grc' dir='ltr'><strong>ΤῙΒ.</strong></span> <span class='ocrx_word' id='word_1_4' title='bbox 415 161 490 216; x_wconf 78' lang='lat' dir='ltr'>sall</span> <span class='ocrx_word' id='word_1_5' title='bbox 513 161 642 220; x_wconf 79' lang='lat' dir='ltr'>chaun.</span> <span class='ocrx_word' id='word_1_6' title='bbox 666 159 801 217; x_wconf 82' lang='lat' dir='ltr'>NERON.</span> <span class='ocrx_word' id='word_1_7' title='bbox 826 159 936 216; x_wconf 84' lang='grc' dir='ltr'><strong>ΤΕΜΡ.</strong></span> <span class='ocrx_word' id='word_1_8' title='bbox 954 160 1051 216; x_wconf 83' lang='lat' dir='ltr'><strong>IURIS</strong></span> <span class='ocrx_word' id='word_1_9' title='bbox 1075 161 1177 218; x_wconf 83' lang='lat' dir='ltr'>GONS.</span> 
     </span>
    </p>
   </div>
   <div class='ocr_carea' id='block_1_2' title="bbox 162 329 1183 3597">
    <p class='ocr_par' dir='ltr' id='par_1_2' title="bbox 162 329 1183 3597">
     <span class='ocr_line' id='line_1_2' title="bbox 168 329 1175 407; baseline -0.002 -15"><span class='ocrx_word' id='word_1_10' title='bbox 168 332 240 392; x_wconf 89' lang='lat' dir='ltr'>data</span> <span class='ocrx_word' id='word_1_11' title='bbox 258 331 341 406; x_wconf 75' lang='lat' dir='ltr'>sunt,</span> <span class='ocrx_word' id='word_1_12' title='bbox 364 329 523 388; x_wconf 88' lang='lat' dir='ltr'>libertinae</span> <span class='ocrx_word' id='word_1_13' title='bbox 542 332 643 389; x_wconf 88' lang='lat' dir='ltr'>autern</span> <span class='ocrx_word' id='word_1_14' title='bbox 661 333 805 405; x_wconf 89' lang='lat' dir='ltr'>patronae</span> <span class='ocrx_word' id='word_1_15' title='bbox 823 347 884 388; x_wconf 91' lang='lat' dir='ltr'>non</span> <span class='ocrx_word' id='word_1_16' title='bbox 901 329 981 388; x_wconf 90' lang='lat' dir='ltr'>idem</span> <span class='ocrx_word' id='word_1_17' title='bbox 998 329 1073 389; x_wconf 89' lang='lat' dir='ltr'>iuris</span> <span class='ocrx_word' id='word_1_18' title='bbox 1090 349 1175 407; x_wconf 88' lang='lat' dir='ltr'>prae·</span> 
     </span>
     <span class='ocr_line' id='line_1_3' title="bbox 168 416 1174 496; baseline -0.001 -17"><span class='ocrx_word' id='word_1_19' title='bbox 168 420 256 480; x_wconf 82' lang='lat' dir='ltr'>stitit.</span> <span class='ocrx_word' id='word_1_20' title='bbox 301 417 381 495; x_wconf 91' lang='lat' dir='ltr'>quod</span> <span class='ocrx_word' id='word_1_21' title='bbox 407 420 509 478; x_wconf 88' lang='lat' dir='ltr'>autem</span> <span class='ocrx_word' id='word_1_22' title='bbox 534 418 573 476; x_wconf 88' lang='lat' dir='ltr'>ad</span> <span class='ocrx_word' id='word_1_23' title='bbox 594 417 801 477; x_wconf 85' lang='lat' dir='ltr'>libertinarum</span> <span class='ocrx_word' id='word_1_24' title='bbox 824 416 903 477; x_wconf 88' lang='lat' dir='ltr'>bona</span> <span class='ocrx_word' id='word_1_25' title='bbox 924 418 1064 494; x_wconf 75' lang='lat' dir='ltr'>pertinet,</span> <span class='ocrx_word' id='word_1_26' title='bbox 1087 419 1174 496; x_wconf 88' lang='lat' dir='ltr'>siqui·</span> 
     </span>
     <span class='ocr_line' id='line_1_4' title="bbox 169 506 1175 585; baseline 0.001 -18"><span class='ocrx_word' id='word_1_27' title='bbox 169 509 237 567; x_wconf 89' lang='lat' dir='ltr'>dem</span> <span class='ocrx_word' id='word_1_28' title='bbox 268 507 430 566; x_wconf 89' lang='lat' dir='ltr'>intestatae</span> <span class='ocrx_word' id='word_1_29' title='bbox 461 506 655 585; x_wconf 76' lang='lat' dir='ltr'>decesserint,</span> <span class='ocrx_word' id='word_1_30' title='bbox 689 507 765 564; x_wconf 90' lang='lat' dir='ltr'>nihil</span> <span class='ocrx_word' id='word_1_31' title='bbox 796 507 866 566; x_wconf 88' lang='lat' dir='ltr'>novi</span> <span class='ocrx_word' id='word_1_32' title='bbox 897 509 1043 582; x_wconf 89' lang='lat' dir='ltr'>patronae</span> <span class='ocrx_word' id='word_1_33' title='bbox 1075 507 1175 568; x_wconf 89' lang='lat' dir='ltr'>liberis</span> 
     </span>
     <span class='ocr_line' id='line_1_5' title="bbox 167 595 1176 672; baseline -0.001 -16"><span class='ocrx_word' id='word_1_34' title='bbox 167 597 331 656; x_wconf 77' lang='lat' dir='ltr'>honoratae</span> <span class='ocrx_word' id='word_1_35' title='bbox 345 596 394 654; x_wconf 86' lang='lat' dir='ltr'>lex</span> <span class='ocrx_word' id='word_1_36' title='bbox 411 595 507 671; x_wconf 90' lang='lat' dir='ltr'>Papia</span> <span class='ocrx_word' id='word_1_37' title='bbox 519 598 661 672; x_wconf 88' lang='lat' dir='ltr'>praestet.</span> <span class='ocrx_word' id='word_1_38' title='bbox 694 596 795 672; x_wconf 87' lang='lat' dir='ltr'>itaque</span> <span class='ocrx_word' id='word_1_39' title='bbox 810 595 836 654; x_wconf 92' lang='lat' dir='ltr'>si</span> <span class='ocrx_word' id='word_1_40' title='bbox 853 613 949 672; x_wconf 91' lang='lat' dir='ltr'>neque</span> <span class='ocrx_word' id='word_1_41' title='bbox 967 595 1033 672; x_wconf 89' lang='lat' dir='ltr'>ipsa</span> <span class='ocrx_word' id='word_1_42' title='bbox 1050 599 1176 671; x_wconf 87' lang='lat' dir='ltr'>patrona</span> 
     </span>
     <span class='ocr_line' id='line_1_6' title="bbox 167 682 1174 762; baseline -0.001 -17"><span class='ocrx_word' id='word_1_43' title='bbox 167 703 263 762; x_wconf 90' lang='lat' dir='ltr'>neque</span> <span class='ocrx_word' id='word_1_44' title='bbox 286 684 397 744; x_wconf 89' lang='lat' dir='ltr'>liberta</span> <span class='ocrx_word' id='word_1_45' title='bbox 419 684 515 759; x_wconf 86' lang='lat' dir='ltr'>eapite</span> <span class='ocrx_word' id='word_1_46' title='bbox 540 683 694 743; x_wconf 89' lang='lat' dir='ltr'>deminuta</span> <span class='ocrx_word' id='word_1_47' title='bbox 712 683 760 756; x_wconf 88' lang='lat' dir='ltr'>sit,</span> <span class='ocrx_word' id='word_1_48' title='bbox 783 683 904 762; x_wconf 82' lang='lat' dir='ltr'>exlege</span> <span class='ocrx_word' id='word_1_49' title='bbox 922 682 981 742; x_wconf 87' lang='lat' dir='ltr'>XII</span> <span class='ocrx_word' id='word_1_50' title='bbox 1003 683 1174 744; x_wconf 88' lang='lat' dir='ltr'>tabularum</span> 
     </span>
     <span class='ocr_line' id='line_1_7' title="bbox 168 772 1176 852; baseline -0.001 -18"><span class='ocrx_word' id='word_1_51' title='bbox 168 774 207 834; x_wconf 91' lang='lat' dir='ltr'>ad</span> <span class='ocrx_word' id='word_1_52' title='bbox 236 793 302 833; x_wconf 89' lang='lat' dir='ltr'>eam</span> <span class='ocrx_word' id='word_1_53' title='bbox 324 773 475 832; x_wconf 88' lang='lat' dir='ltr'>hereditas</span> <span class='ocrx_word' id='word_1_54' title='bbox 498 773 629 849; x_wconf 86' lang='lat' dir='ltr'>pertinet</span> <span class='ocrx_word' id='word_1_55' title='bbox 652 774 683 831; x_wconf 90' lang='lat' dir='ltr'>et</span> <span class='ocrx_word' id='word_1_56' title='bbox 705 772 905 832; x_wconf 86' lang='lat' dir='ltr'>exeluduntur</span> <span class='ocrx_word' id='word_1_57' title='bbox 927 773 1054 832; x_wconf 76' lang='lat' dir='ltr'>libertae</span> <span class='ocrx_word' id='word_1_58' title='bbox 1077 773 1176 852; x_wconf 80' lang='lat' dir='ltr'>liberi3</span> 
     </span>
     <span class='ocr_line' id='line_1_8' title="bbox 170 857 1176 941; baseline 0.001 -20"><span class='ocrx_word' id='word_1_59' title='bbox 170 863 249 941; x_wconf 91' lang='lat' dir='ltr'>quod</span> <span class='ocrx_word' id='word_1_60' title='bbox 272 862 346 921; x_wconf 88' lang='lat' dir='ltr'>iuris</span> <span class='ocrx_word' id='word_1_61' title='bbox 371 864 417 921; x_wconf 92' lang='lat' dir='ltr'>est</span> <span class='ocrx_word' id='word_1_62' title='bbox 440 862 539 939; x_wconf 89' lang='lat' dir='ltr'>etiam,</span> <span class='ocrx_word' id='word_1_63' title='bbox 566 861 591 920; x_wconf 91' lang='lat' dir='ltr'>si</span> <span class='ocrx_word' id='word_1_64' title='bbox 613 860 716 920; x_wconf 89' lang='lat' dir='ltr'>liberis</span> <span class='ocrx_word' id='word_1_65' title='bbox 735 857 884 921; x_wconf 86' lang='lat' dir='ltr'>honorata</span> <span class='ocrx_word' id='word_1_66' title='bbox 901 879 961 921; x_wconf 91' lang='lat' dir='ltr'>non</span> <span class='ocrx_word' id='word_1_67' title='bbox 979 862 1019 921; x_wconf 88' lang='lat' dir='ltr'>ait</span> <span class='ocrx_word' id='word_1_68' title='bbox 1037 864 1176 938; x_wconf 86' lang='lat' dir='ltr'>patrona;</span> 
     </span>
     <span class='ocr_line' id='line_1_9' title="bbox 166 949 1175 1029; baseline 0 -18"><span class='ocrx_word' id='word_1_69' title='bbox 166 969 330 1029; x_wconf 88' lang='lat' dir='ltr'>numquam</span> <span class='ocrx_word' id='word_1_70' title='bbox 349 951 427 1010; x_wconf 89' lang='lat' dir='ltr'>euim</span> <span class='ocrx_word' id='word_1_71' title='bbox 443 997 450 1009; x_wconf 93' lang='lat'><strong>.</strong></span> <span class='ocrx_word' id='word_1_72' title='bbox 465 991 473 1008; x_wconf 89' lang='lat'><strong>.</strong></span> <span class='ocrx_word' id='word_1_73' title='bbox 488 994 495 1008; x_wconf 90' lang='lat'><strong>.</strong></span> <span class='ocrx_word' id='word_1_74' title='bbox 508 950 637 1008; x_wconf 88' lang='lat' dir='ltr'>feminae</span> <span class='ocrx_word' id='word_1_75' title='bbox 656 966 744 1008; x_wconf 90' lang='lat' dir='ltr'>suum</span> <span class='ocrx_word' id='word_1_76' title='bbox 762 949 902 1009; x_wconf 83' lang='lat' dir='ltr'>heredem</span> <span class='ocrx_word' id='word_1_77' title='bbox 918 950 1029 1010; x_wconf 89' lang='lat' dir='ltr'>habere</span> <span class='ocrx_word' id='word_1_78' title='bbox 1043 953 1175 1027; x_wconf 87' lang='lat' dir='ltr'>possunt.</span> 
     </span>
     <span class='ocr_line' id='line_1_10' title="bbox 168 1037 1175 1116; baseline -0.003 -15"><span class='ocrx_word' id='word_1_79' title='bbox 168 1042 287 1102; x_wconf 88' lang='lat' dir='ltr'>sivero</span> <span class='ocrx_word' id='word_1_80' title='bbox 310 1039 359 1100; x_wconf 90' lang='lat' dir='ltr'>vel</span> <span class='ocrx_word' id='word_1_81' title='bbox 381 1038 472 1097; x_wconf 91' lang='lat' dir='ltr'>huius</span> <span class='ocrx_word' id='word_1_82' title='bbox 494 1039 543 1098; x_wconf 91' lang='lat' dir='ltr'>vel</span> <span class='ocrx_word' id='word_1_83' title='bbox 565 1037 648 1096; x_wconf 89' lang='lat' dir='ltr'>illius</span> <span class='ocrx_word' id='word_1_84' title='bbox 671 1038 777 1113; x_wconf 85' lang='lat' dir='ltr'>eapitis</span> <span class='ocrx_word' id='word_1_85' title='bbox 800 1039 964 1098; x_wconf 87' lang='lat' dir='ltr'>deminutio</span> <span class='ocrx_word' id='word_1_86' title='bbox 987 1038 1175 1116; x_wconf 83' lang='lat' dir='ltr'>interveniat,</span> 
     </span>
     <span class='ocr_line' id='line_1_11' title="bbox 166 1126 1175 1205; baseline -0.001 -16"><span class='ocrx_word' id='word_1_87' title='bbox 166 1147 272 1189; x_wconf 89' lang='lat' dir='ltr'>rursus</span> <span class='ocrx_word' id='word_1_88' title='bbox 299 1128 388 1187; x_wconf 89' lang='lat' dir='ltr'>liberi</span> <span class='ocrx_word' id='word_1_89' title='bbox 416 1126 542 1186; x_wconf 82' lang='lat' dir='ltr'>libertae</span> <span class='ocrx_word' id='word_1_90' title='bbox 567 1126 728 1186; x_wconf 78' lang='lat' dir='ltr'>excludunt</span> <span class='ocrx_word' id='word_1_91' title='bbox 749 1129 921 1205; x_wconf 87' lang='lat' dir='ltr'>patronam,</span> <span class='ocrx_word' id='word_1_92' title='bbox 948 1127 1020 1204; x_wconf 93' lang='lat' dir='ltr'>quia</span> <span class='ocrx_word' id='word_1_93' title='bbox 1041 1128 1175 1205; x_wconf 80' lang='lat' dir='ltr'>legitimo</span> 
     </span>
     <span class='ocr_line' id='line_1_12' title="bbox 169 1214 1175 1294; baseline 0.001 -17"><span class='ocrx_word' id='word_1_94' title='bbox 169 1218 234 1278; x_wconf 91' lang='lat' dir='ltr'>iure</span> <span class='ocrx_word' id='word_1_95' title='bbox 253 1217 362 1294; x_wconf 87' lang='lat' dir='ltr'>eapitis</span> <span class='ocrx_word' id='word_1_96' title='bbox 380 1214 581 1274; x_wconf 88' lang='lat' dir='ltr'>deminutione</span> <span class='ocrx_word' id='word_1_97' title='bbox 600 1218 755 1292; x_wconf 87' lang='lat' dir='ltr'>perempto</span> <span class='ocrx_word' id='word_1_98' title='bbox 775 1216 882 1294; x_wconf 86' lang='lat' dir='ltr'>evenit,</span> <span class='ocrx_word' id='word_1_99' title='bbox 901 1219 936 1275; x_wconf 91' lang='lat' dir='ltr'>ut</span> <span class='ocrx_word' id='word_1_100' title='bbox 949 1215 1037 1276; x_wconf 87' lang='lat' dir='ltr'>liberi</span> <span class='ocrx_word' id='word_1_101' title='bbox 1051 1216 1175 1278; x_wconf 83' lang='lat' dir='ltr'>libertae</span> 
     </span>
     <span class='ocr_line' id='line_1_13' title="bbox 170 1295 1098 1384; baseline 0.001 -17"><span class='ocrx_word' id='word_1_102' title='bbox 170 1306 356 1384; x_wconf 76' lang='lat' dir='ltr'>cognationis</span> <span class='ocrx_word' id='word_1_103' title='bbox 378 1305 444 1364; x_wconf 89' lang='lat' dir='ltr'>iure</span> <span class='ocrx_word' id='word_1_104' title='bbox 466 1303 597 1380; x_wconf 88' lang='lat' dir='ltr'>potiores</span> <span class='ocrx_word' id='word_1_105' title='bbox 620 1295 807 1363; x_wconf 88' lang='lat' dir='ltr'>habeantur&#39;.</span> <span class='ocrx_word' id='word_1_106' title='bbox 853 1303 919 1365; x_wconf 85' lang='lat' dir='ltr'>Gai.</span> <span class='ocrx_word' id='word_1_107' title='bbox 934 1307 963 1382; x_wconf 86' lang='lat'>3,</span> <span class='ocrx_word' id='word_1_108' title='bbox 979 1306 1030 1366; x_wconf 85' lang='lat'>49.</span> <span class='ocrx_word' id='word_1_109' title='bbox 1046 1307 1098 1368; x_wconf 84' lang='lat'>51.</span> 
     </span>
     <span class='ocr_line' id='line_1_14' title="bbox 257 1389 1175 1472; baseline 0.001 -19"><span class='ocrx_word' id='word_1_110' title='bbox 257 1389 422 1472; x_wconf 64' lang='lat' dir='ltr'>‘Sequitun</span> <span class='ocrx_word' id='word_1_111' title='bbox 445 1396 480 1452; x_wconf 89' lang='lat' dir='ltr'>ut</span> <span class='ocrx_word' id='word_1_112' title='bbox 502 1393 539 1452; x_wconf 89' lang='lat' dir='ltr'>de</span> <span class='ocrx_word' id='word_1_113' title='bbox 561 1391 646 1452; x_wconf 89' lang='lat' dir='ltr'>bonis</span> <span class='ocrx_word' id='word_1_114' title='bbox 664 1392 841 1452; x_wconf 85' lang='lat' dir='ltr'>Latinorum</span> <span class='ocrx_word' id='word_1_115' title='bbox 859 1393 1068 1453; x_wconf 87' lang='lat' dir='ltr'>libertinorum</span> <span class='ocrx_word' id='word_1_116' title='bbox 1086 1394 1175 1471; x_wconf 89' lang='lat' dir='ltr'>dispi-</span> 
     </span>
     <span class='ocr_line' id='line_1_15' title="bbox 166 1481 1176 1560; baseline 0 -17"><span class='ocrx_word' id='word_1_117' title='bbox 166 1484 287 1544; x_wconf 88' lang='lat' dir='ltr'>eiamus.</span> <span class='ocrx_word' id='word_1_118' title='bbox 334 1500 410 1558; x_wconf 86' lang='lat' dir='ltr'>quae</span> <span class='ocrx_word' id='word_1_119' title='bbox 436 1499 508 1559; x_wconf 90' lang='lat' dir='ltr'>pars</span> <span class='ocrx_word' id='word_1_120' title='bbox 534 1481 609 1542; x_wconf 88' lang='lat' dir='ltr'>iuris</span> <span class='ocrx_word' id='word_1_121' title='bbox 636 1484 672 1541; x_wconf 91' lang='lat' dir='ltr'>ut</span> <span class='ocrx_word' id='word_1_122' title='bbox 696 1481 884 1540; x_wconf 86' lang='lat' dir='ltr'>manifestior</span> <span class='ocrx_word' id='word_1_123' title='bbox 905 1482 971 1560; x_wconf 90' lang='lat' dir='ltr'>fiat,</span> <span class='ocrx_word' id='word_1_124' title='bbox 999 1482 1176 1544; x_wconf 86' lang='lat' dir='ltr'>admonendi</span> 
     </span>
     <span class='ocr_line' id='line_1_16' title="bbox 168 1570 1175 1649; baseline 0.001 -18"><span class='ocrx_word' id='word_1_125' title='bbox 168 1590 281 1649; x_wconf 89' lang='lat' dir='ltr'>sumus,</span> <span class='ocrx_word' id='word_1_126' title='bbox 380 1588 430 1630; x_wconf 91' lang='lat' dir='ltr'>eos</span> <span class='ocrx_word' id='word_1_127' title='bbox 453 1571 503 1648; x_wconf 91' lang='lat' dir='ltr'>qui</span> <span class='ocrx_word' id='word_1_128' title='bbox 522 1590 601 1630; x_wconf 89' lang='lat' dir='ltr'>nuno</span> <span class='ocrx_word' id='word_1_129' title='bbox 620 1570 724 1630; x_wconf 89' lang='lat' dir='ltr'>Latini</span> <span class='ocrx_word' id='word_1_130' title='bbox 744 1570 865 1630; x_wconf 87' lang='lat' dir='ltr'>Iuniani</span> <span class='ocrx_word' id='word_1_131' title='bbox 883 1571 1031 1649; x_wconf 88' lang='lat' dir='ltr'>dieuntur,</span> <span class='ocrx_word' id='word_1_132' title='bbox 1050 1573 1122 1632; x_wconf 89' lang='lat' dir='ltr'>olim</span> <span class='ocrx_word' id='word_1_133' title='bbox 1140 1592 1175 1632; x_wconf 85' lang='lat' dir='ltr'>ex</span> 
     </span>
     <span class='ocr_line' id='line_1_17' title="bbox 166 1658 1175 1737; baseline 0.003 -18"><span class='ocrx_word' id='word_1_134' title='bbox 166 1661 233 1720; x_wconf 92' lang='lat' dir='ltr'>iure</span> <span class='ocrx_word' id='word_1_135' title='bbox 248 1659 411 1730; x_wconf 84' lang='lat' dir='ltr'>Qniritium</span> <span class='ocrx_word' id='word_1_136' title='bbox 432 1677 532 1719; x_wconf 88' lang='lat' dir='ltr'>servos</span> <span class='ocrx_word' id='word_1_137' title='bbox 551 1659 654 1737; x_wconf 87' lang='lat' dir='ltr'>fuisse,</span> <span class='ocrx_word' id='word_1_138' title='bbox 673 1658 725 1718; x_wconf 88' lang='lat' dir='ltr'>sed</span> <span class='ocrx_word' id='word_1_139' title='bbox 743 1659 854 1718; x_wconf 86' lang='lat' dir='ltr'>auxilio</span> <span class='ocrx_word' id='word_1_140' title='bbox 872 1660 1021 1736; x_wconf 88' lang='lat' dir='ltr'>praetoris</span> <span class='ocrx_word' id='word_1_141' title='bbox 1039 1660 1073 1720; x_wconf 93' lang='lat' dir='ltr'>in</span> <span class='ocrx_word' id='word_1_142' title='bbox 1086 1661 1175 1722; x_wconf 84' lang='lat' dir='ltr'>liber·</span> 
     </span>
     <span class='ocr_line' id='line_1_18' title="bbox 166 1747 1176 1834; baseline 0.001 -25"><span class='ocrx_word' id='word_1_143' title='bbox 166 1749 241 1809; x_wconf 89' lang='lat' dir='ltr'>tatis</span> <span class='ocrx_word' id='word_1_144' title='bbox 267 1750 360 1809; x_wconf 85' lang='lat' dir='ltr'>forma</span> <span class='ocrx_word' id='word_1_145' title='bbox 383 1749 496 1834; x_wconf 71' lang='lat' dir='ltr'>servari</span> <span class='ocrx_word' id='word_1_146' title='bbox 519 1749 637 1825; x_wconf 79' lang='lat' dir='ltr'>solitos3</span> <span class='ocrx_word' id='word_1_147' title='bbox 659 1747 738 1807; x_wconf 86' lang='lat' dir='ltr'>unde</span> <span class='ocrx_word' id='word_1_148' title='bbox 762 1747 853 1808; x_wconf 87' lang='lat' dir='ltr'>etiam</span> <span class='ocrx_word' id='word_1_149' title='bbox 870 1766 919 1808; x_wconf 89' lang='lat' dir='ltr'>res</span> <span class='ocrx_word' id='word_1_150' title='bbox 942 1767 1046 1808; x_wconf 88' lang='lat' dir='ltr'>eorum</span> <span class='ocrx_word' id='word_1_151' title='bbox 1067 1751 1176 1826; x_wconf 87' lang='lat' dir='ltr'>peoulii</span> 
     </span>
     <span class='ocr_line' id='line_1_19' title="bbox 166 1827 1178 1915; baseline 0.001 -18"><span class='ocrx_word' id='word_1_152' title='bbox 166 1838 232 1897; x_wconf 90' lang='lat' dir='ltr'>iure</span> <span class='ocrx_word' id='word_1_153' title='bbox 265 1839 303 1897; x_wconf 89' lang='lat' dir='ltr'>ad</span> <span class='ocrx_word' id='word_1_154' title='bbox 333 1841 476 1914; x_wconf 88' lang='lat' dir='ltr'>patronos</span> <span class='ocrx_word' id='word_1_155' title='bbox 507 1836 658 1914; x_wconf 88' lang='lat' dir='ltr'>pertinere</span> <span class='ocrx_word' id='word_1_156' title='bbox 688 1837 778 1896; x_wconf 86' lang='lat' dir='ltr'>solita</span> <span class='ocrx_word' id='word_1_157' title='bbox 805 1839 863 1913; x_wconf 74' lang='lat' dir='ltr'>est,</span> <span class='ocrx_word' id='word_1_158' title='bbox 894 1839 999 1912; x_wconf 90' lang='lat' dir='ltr'>postea</span> <span class='ocrx_word' id='word_1_159' title='bbox 1025 1857 1096 1898; x_wconf 87' lang='lat' dir='ltr'>vero</span> <span class='ocrx_word' id='word_1_160' title='bbox 1119 1827 1178 1915; x_wconf 64' lang='lat' dir='ltr'>&#39;per</span> 
     </span>
     <span class='ocr_line' id='line_1_20' title="bbox 164 1925 1174 2006; baseline 0.002 -21"><span class='ocrx_word' id='word_1_161' title='bbox 164 1928 262 2004; x_wconf 80' lang='lat' dir='ltr'>legem</span> <span class='ocrx_word' id='word_1_162' title='bbox 275 1926 393 1985; x_wconf 88' lang='lat' dir='ltr'>Iuniam</span> <span class='ocrx_word' id='word_1_163' title='bbox 408 1943 458 1985; x_wconf 92' lang='lat' dir='ltr'>eos</span> <span class='ocrx_word' id='word_1_164' title='bbox 472 1943 574 1985; x_wconf 89' lang='lat' dir='ltr'>omues</span> <span class='ocrx_word' id='word_1_165' title='bbox 589 1943 663 2002; x_wconf 93' lang='lat' dir='ltr'>quos</span> <span class='ocrx_word' id='word_1_166' title='bbox 677 1929 800 2000; x_wconf 86' lang='lat' dir='ltr'>praetor</span> <span class='ocrx_word' id='word_1_167' title='bbox 812 1925 843 1984; x_wconf 91' lang='lat' dir='ltr'>in</span> <span class='ocrx_word' id='word_1_168' title='bbox 859 1925 1000 1985; x_wconf 85' lang='lat' dir='ltr'>libertate</span> <span class='ocrx_word' id='word_1_169' title='bbox 1018 1927 1174 2006; x_wconf 87' lang='lat' dir='ltr'>tuebatur,</span> 
     </span>
     <span class='ocr_line' id='line_1_21' title="bbox 163 2013 1174 2094; baseline 0.003 -21"><span class='ocrx_word' id='word_1_170' title='bbox 163 2015 274 2076; x_wconf 88' lang='lat' dir='ltr'>liberos</span> <span class='ocrx_word' id='word_1_171' title='bbox 296 2031 360 2072; x_wconf 92' lang='lat' dir='ltr'>esse</span> <span class='ocrx_word' id='word_1_172' title='bbox 383 2014 515 2089; x_wconf 82' lang='lat' dir='ltr'>coepisse</span> <span class='ocrx_word' id='word_1_173' title='bbox 537 2017 568 2073; x_wconf 87' lang='lat' dir='ltr'>et</span> <span class='ocrx_word' id='word_1_174' title='bbox 591 2015 759 2089; x_wconf 86' lang='lat' dir='ltr'>appellatos</span> <span class='ocrx_word' id='word_1_175' title='bbox 783 2031 847 2073; x_wconf 91' lang='lat' dir='ltr'>esse</span> <span class='ocrx_word' id='word_1_176' title='bbox 870 2013 993 2073; x_wconf 88' lang='lat' dir='ltr'>Latinos</span> <span class='ocrx_word' id='word_1_177' title='bbox 1016 2014 1174 2094; x_wconf 76' lang='lat' dir='ltr'>Iunianos3</span> 
     </span>
     <span class='ocr_line' id='line_1_22' title="bbox 245 2101 1176 2180; baseline 0.002 -17.844"><span class='ocrx_word' id='word_1_178' title='bbox 245 2104 320 2180; x_wconf 83' lang='lat' dir='ltr'>legis</span> <span class='ocrx_word' id='word_1_179' title='bbox 348 2105 452 2179; x_wconf 89' lang='lat' dir='ltr'>itaque</span> <span class='ocrx_word' id='word_1_180' title='bbox 478 2101 584 2162; x_wconf 89' lang='lat' dir='ltr'>Iuniae</span> <span class='ocrx_word' id='word_1_181' title='bbox 604 2103 704 2180; x_wconf 80' lang='lat' dir='ltr'>lator,</span> <span class='ocrx_word' id='word_1_182' title='bbox 732 2122 800 2162; x_wconf 89' lang='lat' dir='ltr'>oum</span> <span class='ocrx_word' id='word_1_183' title='bbox 826 2102 1016 2180; x_wconf 81' lang='lat' dir='ltr'>intellegeret</span> <span class='ocrx_word' id='word_1_184' title='bbox 1037 2103 1176 2164; x_wconf 87' lang='lat' dir='ltr'>futurum</span> 
     </span>
     <span class='ocr_line' id='line_1_23' title="bbox 164 2183 1178 2268; baseline 0.004 -19"><span class='ocrx_word' id='word_1_185' title='bbox 164 2193 200 2250; x_wconf 92' lang='lat' dir='ltr'>ut</span> <span class='ocrx_word' id='word_1_186' title='bbox 224 2208 259 2249; x_wconf 88' lang='lat' dir='ltr'>ea</span> <span class='ocrx_word' id='word_1_187' title='bbox 281 2183 422 2266; x_wconf 89' lang='lat' dir='ltr'>fiotione&#39;,</span> <span class='ocrx_word' id='word_1_188' title='bbox 447 2208 537 2266; x_wconf 90' lang='lat' dir='ltr'>quam</span> <span class='ocrx_word' id='word_1_189' title='bbox 556 2190 671 2268; x_wconf 84' lang='lat' dir='ltr'>statuit,</span> <span class='ocrx_word' id='word_1_190' title='bbox 695 2185 753 2251; x_wconf 72' lang='lat' dir='ltr'>‘res</span> <span class='ocrx_word' id='word_1_191' title='bbox 771 2192 949 2252; x_wconf 87' lang='lat' dir='ltr'>Latinorum</span> <span class='ocrx_word' id='word_1_192' title='bbox 967 2192 1178 2253; x_wconf 80' lang='lat' dir='ltr'>defunetomm</span> 
     </span>
     <span class='ocr_line' id='line_1_24' title="bbox 166 2278 1177 2356; baseline 0.003 -18"><span class='ocrx_word' id='word_1_193' title='bbox 166 2278 206 2338; x_wconf 87' lang='lat' dir='ltr'>ad</span> <span class='ocrx_word' id='word_1_194' title='bbox 235 2282 376 2354; x_wconf 89' lang='lat' dir='ltr'>patronos</span> <span class='ocrx_word' id='word_1_195' title='bbox 401 2279 550 2354; x_wconf 87' lang='lat' dir='ltr'>pertinere</span> <span class='ocrx_word' id='word_1_196' title='bbox 573 2278 756 2356; x_wconf 84' lang='lat' dir='ltr'>desinerent,</span> <span class='ocrx_word' id='word_1_197' title='bbox 853 2281 1054 2341; x_wconf 80' lang='lat' dir='ltr'>necessarium</span> <span class='ocrx_word' id='word_1_198' title='bbox 1076 2282 1177 2341; x_wconf 86' lang='lat' dir='ltr'>existi·</span> 
     </span>
     <span class='ocr_line' id='line_1_25' title="bbox 165 2367 1175 2445; baseline 0.002 -18"><span class='ocrx_word' id='word_1_199' title='bbox 165 2369 266 2442; x_wconf 85' lang='lat' dir='ltr'>mavit,</span> <span class='ocrx_word' id='word_1_200' title='bbox 280 2386 317 2426; x_wconf 92' lang='lat' dir='ltr'>ne</span> <span class='ocrx_word' id='word_1_201' title='bbox 326 2367 503 2427; x_wconf 86' lang='lat' dir='ltr'>beneficium</span> <span class='ocrx_word' id='word_1_202' title='bbox 513 2367 580 2427; x_wconf 89' lang='lat' dir='ltr'>istis</span> <span class='ocrx_word' id='word_1_203' title='bbox 590 2367 694 2426; x_wconf 90' lang='lat' dir='ltr'>datum</span> <span class='ocrx_word' id='word_1_204' title='bbox 703 2368 734 2427; x_wconf 91' lang='lat' dir='ltr'>in</span> <span class='ocrx_word' id='word_1_205' title='bbox 744 2368 885 2429; x_wconf 90' lang='lat' dir='ltr'>iniuriam</span> <span class='ocrx_word' id='word_1_206' title='bbox 897 2372 1090 2445; x_wconf 88' lang='lat' dir='ltr'>patronorum</span> <span class='ocrx_word' id='word_1_207' title='bbox 1106 2389 1175 2430; x_wconf 89' lang='lat' dir='ltr'>oon·</span> 
     </span>
     <span class='ocr_line' id='line_1_26' title="bbox 165 2457 1176 2535; baseline 0.001 -17"><span class='ocrx_word' id='word_1_208' title='bbox 165 2458 342 2533; x_wconf 88' lang='lat' dir='ltr'>verteretur,</span> <span class='ocrx_word' id='word_1_209' title='bbox 360 2475 474 2535; x_wconf 81' lang='lat' dir='ltr'>cavere,</span> <span class='ocrx_word' id='word_1_210' title='bbox 492 2459 529 2516; x_wconf 91' lang='lat' dir='ltr'>ut</span> <span class='ocrx_word' id='word_1_211' title='bbox 541 2457 621 2516; x_wconf 94' lang='lat' dir='ltr'>bona</span> <span class='ocrx_word' id='word_1_212' title='bbox 635 2475 737 2517; x_wconf 88' lang='lat' dir='ltr'>eorum</span> <span class='ocrx_word' id='word_1_213' title='bbox 751 2457 875 2534; x_wconf 86' lang='lat' dir='ltr'>proinde</span> <span class='ocrx_word' id='word_1_214' title='bbox 889 2457 928 2516; x_wconf 91' lang='lat' dir='ltr'>ad</span> <span class='ocrx_word' id='word_1_215' title='bbox 941 2459 1176 2521; x_wconf 85' lang='lat' dir='ltr'>manumissores</span> 
     </span>
     <span class='ocr_line' id='line_1_27' title="bbox 165 2545 1176 2624; baseline 0.002 -19"><span class='ocrx_word' id='word_1_216' title='bbox 165 2545 359 2623; x_wconf 87' lang='lat' dir='ltr'>pertinerent,</span> <span class='ocrx_word' id='word_1_217' title='bbox 378 2564 412 2605; x_wconf 88' lang='lat' dir='ltr'>ae</span> <span class='ocrx_word' id='word_1_218' title='bbox 431 2546 457 2606; x_wconf 91' lang='lat' dir='ltr'>si</span> <span class='ocrx_word' id='word_1_219' title='bbox 475 2547 524 2605; x_wconf 89' lang='lat' dir='ltr'>lex</span> <span class='ocrx_word' id='word_1_220' title='bbox 541 2548 605 2607; x_wconf 90' lang='lat' dir='ltr'>lata</span> <span class='ocrx_word' id='word_1_221' title='bbox 622 2565 682 2606; x_wconf 91' lang='lat' dir='ltr'>non</span> <span class='ocrx_word' id='word_1_222' title='bbox 700 2549 789 2606; x_wconf 89' lang='lat' dir='ltr'>esset.</span> <span class='ocrx_word' id='word_1_223' title='bbox 825 2547 928 2624; x_wconf 89' lang='lat' dir='ltr'>itaque</span> <span class='ocrx_word' id='word_1_224' title='bbox 946 2546 1011 2606; x_wconf 93' lang='lat' dir='ltr'>iure</span> <span class='ocrx_word' id='word_1_225' title='bbox 1029 2547 1176 2623; x_wconf 87' lang='lat' dir='ltr'>quodam·</span> 
     </span>
     <span class='ocr_line' id='line_1_28' title="bbox 165 2635 1177 2713; baseline 0.002 -19"><span class='ocrx_word' id='word_1_226' title='bbox 165 2635 253 2695; x_wconf 89' lang='lat' dir='ltr'>modo</span> <span class='ocrx_word' id='word_1_227' title='bbox 268 2635 379 2710; x_wconf 79' lang='lat' dir='ltr'>peculii</span> <span class='ocrx_word' id='word_1_228' title='bbox 390 2635 469 2695; x_wconf 90' lang='lat' dir='ltr'>bona</span> <span class='ocrx_word' id='word_1_229' title='bbox 482 2636 660 2696; x_wconf 87' lang='lat' dir='ltr'>Latinorum</span> <span class='ocrx_word' id='word_1_230' title='bbox 674 2635 712 2694; x_wconf 89' lang='lat' dir='ltr'>ad</span> <span class='ocrx_word' id='word_1_231' title='bbox 726 2635 958 2694; x_wconf 85' lang='lat' dir='ltr'>manumissores</span> <span class='ocrx_word' id='word_1_232' title='bbox 972 2653 1008 2695; x_wconf 90' lang='lat' dir='ltr'>ea</span> <span class='ocrx_word' id='word_1_233' title='bbox 1021 2636 1089 2713; x_wconf 81' lang='lat' dir='ltr'>lege</span> <span class='ocrx_word' id='word_1_234' title='bbox 1107 2656 1177 2712; x_wconf 86' lang='lat' dir='ltr'>per·</span> 
     </span>
     <span class='ocr_line' id='line_1_29' title="bbox 164 2723 1179 2801; baseline 0.001 -19"><span class='ocrx_word' id='word_1_235' title='bbox 164 2723 263 2784; x_wconf 89' lang='lat' dir='ltr'>tinent</span> <span class='ocrx_word' id='word_1_236' title='bbox 281 2770 288 2784; x_wconf 91' lang='lat'><strong>.</strong></span> <span class='ocrx_word' id='word_1_237' title='bbox 305 2769 334 2785; x_wconf 89' lang='lat'>..</span> <span class='ocrx_word' id='word_1_238' title='bbox 352 2723 528 2784; x_wconf 88' lang='lat' dir='ltr'>Latinorum</span> <span class='ocrx_word' id='word_1_239' title='bbox 551 2728 654 2784; x_wconf 83' lang='lat' dir='ltr'>autem</span> <span class='ocrx_word' id='word_1_240' title='bbox 671 2724 750 2783; x_wconf 88' lang='lat' dir='ltr'>bona</span> <span class='ocrx_word' id='word_1_241' title='bbox 767 2728 922 2801; x_wconf 83' lang='lat' dir='ltr'>tamquam</span> <span class='ocrx_word' id='word_1_242' title='bbox 938 2723 1058 2799; x_wconf 77' lang='lat' dir='ltr'>peculia</span> <span class='ocrx_word' id='word_1_243' title='bbox 1076 2743 1179 2786; x_wconf 82' lang='lat' dir='ltr'>serro-</span> 
     </span>
     <span class='ocr_line' id='line_1_30' title="bbox 163 2807 1180 2890; baseline 0.001 -18"><span class='ocrx_word' id='word_1_244' title='bbox 163 2833 232 2872; x_wconf 89' lang='lat' dir='ltr'>rum</span> <span class='ocrx_word' id='word_1_245' title='bbox 254 2813 345 2872; x_wconf 86' lang='lat' dir='ltr'>etiam</span> <span class='ocrx_word' id='word_1_246' title='bbox 364 2813 403 2871; x_wconf 90' lang='lat' dir='ltr'>ad</span> <span class='ocrx_word' id='word_1_247' title='bbox 417 2817 572 2873; x_wconf 84' lang='lat' dir='ltr'>extraneos</span> <span class='ocrx_word' id='word_1_248' title='bbox 586 2812 711 2872; x_wconf 87' lang='lat' dir='ltr'>heredes</span> <span class='ocrx_word' id='word_1_249' title='bbox 724 2807 895 2887; x_wconf 86' lang='lat' dir='ltr'>pertinent&#39;.</span> <span class='ocrx_word' id='word_1_250' title='bbox 919 2811 984 2872; x_wconf 81' lang='lat' dir='ltr'>Gai.</span> <span class='ocrx_word' id='word_1_251' title='bbox 995 2814 1024 2890; x_wconf 86' lang='lat'>3,</span> <span class='ocrx_word' id='word_1_252' title='bbox 1036 2815 1180 2873; x_wconf 83' lang='lat'>55-58.</span> 
     </span>
     <span class='ocr_line' id='line_1_31' title="bbox 256 2891 1180 2982; baseline 0.003 -23"><span class='ocrx_word' id='word_1_253' title='bbox 256 2895 376 2961; x_wconf 75' lang='lat' dir='ltr'>‘Postea</span> <span class='ocrx_word' id='word_1_254' title='bbox 402 2900 489 2978; x_wconf 88' lang='lat' dir='ltr'>Lupo</span> <span class='ocrx_word' id='word_1_255' title='bbox 519 2903 549 2960; x_wconf 90' lang='lat' dir='ltr'>et</span> <span class='ocrx_word' id='word_1_256' title='bbox 576 2901 675 2978; x_wconf 86' lang='lat' dir='ltr'>Largo</span> <span class='ocrx_word' id='word_1_257' title='bbox 704 2901 876 2962; x_wconf 86' lang='lat' dir='ltr'>oonsulibus</span> <span class='ocrx_word' id='word_1_258' title='bbox 905 2891 946 2982; x_wconf 89' lang='lat' dir='ltr'>(a.</span> <span class='ocrx_word' id='word_1_259' title='bbox 966 2892 1024 2982; x_wconf 81' lang='lat'>42)</span> <span class='ocrx_word' id='word_1_260' title='bbox 1053 2905 1180 2962; x_wconf 88' lang='lat' dir='ltr'>senatus</span> 
     </span>
     <span class='ocr_line' id='line_1_32' title="bbox 164 2989 1181 3068; baseline 0 -18"><span class='ocrx_word' id='word_1_261' title='bbox 164 2989 294 3068; x_wconf 90' lang='lat' dir='ltr'>oensuit,</span> <span class='ocrx_word' id='word_1_262' title='bbox 322 2992 359 3049; x_wconf 94' lang='lat' dir='ltr'>ut</span> <span class='ocrx_word' id='word_1_263' title='bbox 385 2989 464 3048; x_wconf 86' lang='lat' dir='ltr'>bona</span> <span class='ocrx_word' id='word_1_264' title='bbox 486 2989 663 3048; x_wconf 88' lang='lat' dir='ltr'>Latinorum</span> <span class='ocrx_word' id='word_1_265' title='bbox 684 2989 814 3063; x_wconf 88' lang='lat' dir='ltr'>primum</span> <span class='ocrx_word' id='word_1_266' title='bbox 836 2990 875 3048; x_wconf 91' lang='lat' dir='ltr'>ad</span> <span class='ocrx_word' id='word_1_267' title='bbox 898 3008 968 3049; x_wconf 91' lang='lat' dir='ltr'>eum</span> <span class='ocrx_word' id='word_1_268' title='bbox 989 2990 1181 3065; x_wconf 87' lang='lat' dir='ltr'>pertinerent</span> 
     </span>
     <span class='ocr_line' id='line_1_33' title="bbox 168 3076 1181 3156; baseline 0.004 -20"><span class='ocrx_word' id='word_1_269' title='bbox 168 3079 219 3156; x_wconf 90' lang='lat' dir='ltr'>qui</span> <span class='ocrx_word' id='word_1_270' title='bbox 243 3097 292 3138; x_wconf 93' lang='lat' dir='ltr'>eos</span> <span class='ocrx_word' id='word_1_271' title='bbox 315 3078 482 3153; x_wconf 84' lang='lat' dir='ltr'>liberasset,</span> <span class='ocrx_word' id='word_1_272' title='bbox 507 3077 613 3136; x_wconf 89' lang='lat' dir='ltr'>deinde</span> <span class='ocrx_word' id='word_1_273' title='bbox 637 3076 675 3136; x_wconf 87' lang='lat' dir='ltr'>ad</span> <span class='ocrx_word' id='word_1_274' title='bbox 697 3077 808 3137; x_wconf 90' lang='lat' dir='ltr'>liberos</span> <span class='ocrx_word' id='word_1_275' title='bbox 832 3096 935 3138; x_wconf 92' lang='lat' dir='ltr'>eorum</span> <span class='ocrx_word' id='word_1_276' title='bbox 957 3096 1017 3138; x_wconf 92' lang='lat' dir='ltr'>non</span> <span class='ocrx_word' id='word_1_277' title='bbox 1039 3079 1181 3140; x_wconf 87' lang='lat' dir='ltr'>nomina-</span> 
     </span>
     <span class='ocr_line' id='line_1_34' title="bbox 164 3166 1181 3246; baseline 0.003 -21"><span class='ocrx_word' id='word_1_278' title='bbox 164 3168 221 3225; x_wconf 89' lang='lat' dir='ltr'>tim</span> <span class='ocrx_word' id='word_1_279' title='bbox 244 3166 446 3242; x_wconf 86' lang='lat' dir='ltr'>exheredatos,</span> <span class='ocrx_word' id='word_1_280' title='bbox 468 3166 515 3225; x_wconf 91' lang='lat' dir='ltr'>uti</span> <span class='ocrx_word' id='word_1_281' title='bbox 534 3166 659 3244; x_wconf 90' lang='lat' dir='ltr'>quisque</span> <span class='ocrx_word' id='word_1_282' title='bbox 678 3166 830 3241; x_wconf 85' lang='lat' dir='ltr'>proximus</span> <span class='ocrx_word' id='word_1_283' title='bbox 849 3169 937 3245; x_wconf 91' lang='lat' dir='ltr'>esset,</span> <span class='ocrx_word' id='word_1_284' title='bbox 959 3169 1031 3228; x_wconf 86' lang='lat' dir='ltr'>tuno</span> <span class='ocrx_word' id='word_1_285' title='bbox 1050 3169 1181 3246; x_wconf 89' lang='lat' dir='ltr'>antiquo</span> 
     </span>
     <span class='ocr_line' id='line_1_35' title="bbox 162 3249 1183 3336; baseline 0.004 -24"><span class='ocrx_word' id='word_1_286' title='bbox 162 3254 411 3314; x_wconf 88' lang='lat' dir='ltr'>iureadheredes</span> <span class='ocrx_word' id='word_1_287' title='bbox 421 3273 524 3313; x_wconf 89' lang='lat' dir='ltr'>eorum</span> <span class='ocrx_word' id='word_1_288' title='bbox 534 3255 586 3332; x_wconf 92' lang='lat' dir='ltr'>qui</span> <span class='ocrx_word' id='word_1_289' title='bbox 594 3255 781 3334; x_wconf 88' lang='lat' dir='ltr'>liberassent,</span> <span class='ocrx_word' id='word_1_290' title='bbox 790 3249 994 3333; x_wconf 89' lang='lat' dir='ltr'>pertinerent’.</span> <span class='ocrx_word' id='word_1_291' title='bbox 1014 3254 1117 3336; x_wconf 66' lang='lat' dir='ltr'>Gaia,</span> <span class='ocrx_word' id='word_1_292' title='bbox 1127 3259 1183 3318; x_wconf 88' lang='grc'>63.</span> 
     </span>
     <span class='ocr_line' id='line_1_36' title="bbox 253 3337 1183 3421; baseline 0.005 -21"><span class='ocrx_word' id='word_1_293' title='bbox 253 3337 377 3402; x_wconf 72' lang='lat' dir='ltr'>‘Eorum</span> <span class='ocrx_word' id='word_1_294' title='bbox 404 3345 519 3421; x_wconf 90' lang='lat' dir='ltr'>autem,</span> <span class='ocrx_word' id='word_1_295' title='bbox 545 3363 620 3420; x_wconf 84' lang='lat' dir='ltr'>quos</span> <span class='ocrx_word' id='word_1_296' title='bbox 647 3345 696 3403; x_wconf 86' lang='lat' dir='ltr'>lex</span> <span class='ocrx_word' id='word_1_297' title='bbox 720 3344 808 3403; x_wconf 89' lang='lat' dir='ltr'>Aelia</span> <span class='ocrx_word' id='word_1_298' title='bbox 836 3345 939 3404; x_wconf 84' lang='lat' dir='ltr'>Sentio</span> <span class='ocrx_word' id='word_1_299' title='bbox 965 3345 1183 3405; x_wconf 79' lang='lat' dir='ltr'>dediticiorum</span> 
     </span>
     <span class='ocr_line' id='line_1_37' title="bbox 162 3429 1182 3509; baseline 0.007 -22"><span class='ocrx_word' id='word_1_300' title='bbox 162 3446 285 3488; x_wconf 92' lang='lat' dir='ltr'>numero</span> <span class='ocrx_word' id='word_1_301' title='bbox 308 3429 390 3505; x_wconf 80' lang='lat' dir='ltr'>feeit,</span> <span class='ocrx_word' id='word_1_302' title='bbox 413 3430 490 3490; x_wconf 90' lang='lat' dir='ltr'>bona</span> <span class='ocrx_word' id='word_1_303' title='bbox 512 3431 600 3492; x_wconf 88' lang='lat' dir='ltr'>modo</span> <span class='ocrx_word' id='word_1_304' title='bbox 624 3434 710 3509; x_wconf 84' lang='lat' dir='ltr'>quasi</span> <span class='ocrx_word' id='word_1_305' title='bbox 732 3432 841 3492; x_wconf 85' lang='lat' dir='ltr'>oivium</span> <span class='ocrx_word' id='word_1_306' title='bbox 859 3434 1062 3493; x_wconf 89' lang='lat' dir='ltr'>Romanorum</span> <span class='ocrx_word' id='word_1_307' title='bbox 1085 3435 1182 3494; x_wconf 90' lang='lat' dir='ltr'>liber·</span> 
     </span>
     <span class='ocr_line' id='line_1_38' title="bbox 162 3517 1180 3597; baseline 0.007 -21"><span class='ocrx_word' id='word_1_308' title='bbox 162 3517 273 3592; x_wconf 89' lang='lat' dir='ltr'>torum,</span> <span class='ocrx_word' id='word_1_309' title='bbox 292 3517 380 3576; x_wconf 89' lang='lat' dir='ltr'>modo</span> <span class='ocrx_word' id='word_1_310' title='bbox 399 3520 485 3594; x_wconf 91' lang='lat' dir='ltr'>quasi</span> <span class='ocrx_word' id='word_1_311' title='bbox 502 3519 678 3580; x_wconf 86' lang='lat' dir='ltr'>Latinorum</span> <span class='ocrx_word' id='word_1_312' title='bbox 697 3521 736 3580; x_wconf 90' lang='lat' dir='ltr'>ad</span> <span class='ocrx_word' id='word_1_313' title='bbox 750 3522 891 3594; x_wconf 89' lang='lat' dir='ltr'>patronos</span> <span class='ocrx_word' id='word_1_314' title='bbox 905 3522 1067 3597; x_wconf 86' lang='lat' dir='ltr'>pertinent.</span> <span class='ocrx_word' id='word_1_315' title='bbox 1104 3542 1180 3583; x_wconf 87' lang='lat' dir='ltr'>nam</span> 
     </span>
    </p>
   </div>
   <div class='ocr_carea' id='block_1_3' title="bbox 0 0 1260 3888">
    <p class='ocr_par' dir='ltr' id='par_1_3' title="bbox 0 0 1260 3888">
     <span class='ocr_line' id='line_1_39' title="bbox 0 0 1260 3888; baseline 0 0"><span class='ocrx_word' id='word_1_316' title='bbox 0 0 1260 3888; x_wconf 95' lang='lat' dir='ltr'> </span> 
     </span>
    </p>
   </div>
  </div>
 </body>
</html>
