2512 3888
394 193 418 242 2.
444 187 628 244 unsuulus
647 187 797 244 SABINUS
1033 189 1099 252 443

168 355 169 362 '
294 365 337 419 De
355 381 385 420 eo
403 365 475 434 quod
492 366 602 420 sinmede'
619 365 698 420 modo
716 365 833 435 lepotom
850 371 896 422 eet.

183 471 318 537 ‘Sinendi
341 479 428 538 modo
446 479 491 538 ite
508 480 657 556 legemus:
684 479 771 538 heres
790 496 874 538 meus
893 478 1015 540 demnas
1034 483 1098 540 esto

93 567 187 628 sinere
196 566 230 626 L.
241 567 353 626 Titium
363 566 512 626 hominem
523 565 657 627 Stiohum
672 585 788 627 sumere
803 567 919 645 sibique
933 568 1078 628 hebere..
1093 614 1101 630 .

92 675 127 716 eo
158 656 248 716 modo
277 675 337 716 non
369 657 465 716 solum
495 675 580 715 suum
608 675 670 715 rem
698 659 827 715 testator
853 656 970 715 utiliter
996 657 1098 734 legere

91 747 205 823 potest,
237 744 288 804 sed
316 747 407 805 etium
433 745 551 804 heredis
578 745 639 822 sui3
668 763 736 804 oum
763 744 897 821 alioquin
924 763 977 819 per
1002 745 1097 805 vindi·

91 833 237 894 ostionem
264 833 323 893 nisi
350 852 436 894 suum
463 853 526 893 rem
552 835 653 912 legere
681 852 740 893 non
765 835 878 910 potest,
904 852 958 908 per
981 834 1098 893 damne-

91 922 203 982 tionem
226 925 327 982 eutem
350 923 511 982 cuiuslibet
529 923 663 982 extranei
684 941 748 982 rem
771 923 871 1000 legere
894 923 1002 998 potest.
1048 923 1098 981 sed

91 1011 118 1071 si
143 1011 263 1088 quidem
286 1012 391 1071 mortis
413 1012 568 1072 testatoris
590 1015 725 1087 tempore
748 1029 796 1070 res
819 1011 868 1073 vel
890 1010 985 1086 ipsius
1008 1011 1098 1069 teste-

90 1099 165 1159 toris
185 1099 290 1162 situel
308 1099 434 1174 heredis,
452 1101 539 1176 plene
558 1100 634 1159 utile
653 1102 787 1176 legatum
802 1103 857 1173 est,
876 1098 994 1159 etiamsi
1007 1101 1099 1158 teste·
1162 1140 1164 1143 -

90 1188 184 1248 menti
196 1188 326 1248 faciendi
338 1193 472 1266 tempore
485 1189 624 1248 neutrius
638 1181 750 1248 fuerit'.
789 1187 854 1249 uu.
870 1191 898 1264 2,
914 1189 1097 1249 209—211.

180 1287 245 1353 13?
266 1286 336 1352 Gai.
351 1289 380 1372 2,
395 1289 469 1353 212.
491 1325 529 1336 -
550 1287 670 1365 Quodsi
689 1293 763 1372 post
781 1293 918 1354 mortem
932 1290 1097 1354 testatoris

91 1399 128 1441 ee
150 1397 201 1441 res
226 1373 364 1461 (scilieet
387 1398 469 1463 quae
493 1376 617 1442 sinendi
639 1378 734 1442 modo
759 1378 868 1463 legata
887 1373 950 1463 ost)
969 1377 1096 1442 heredis

90 1486 160 1529 esse
196 1465 350 1549 eoeperit,
386 1465 561 1548 quaeritur,
598 1486 640 1530 en
672 1467 749 1530 utile
781 1467 825 1530 sit
856 1467 1010 1550 legatum.
1065 1471 1097 1531 et

90 1553 234 1637 plerique
258 1555 376 1636 putant
398 1552 513 1618 inutile
536 1574 616 1618 esse.

179 1656 276 1723 ‘Siout
298 1666 400 1724 eutem
418 1682 471 1740 per
490 1664 711 1723 damnationem
728 1664 830 1742 legata
848 1683 895 1724 res
913 1684 974 1724 non
992 1665 1096 1726 stetim

88 1755 159 1830 post
192 1753 306 1812 editam
337 1753 535 1812 hereditatem
569 1753 708 1830 legatarii
740 1753 882 1832 officitur,
916 1753 969 1812 sed
995 1756 1097 1814 munet

89 1841 207 1901 heredis
236 1857 272 1900 eo
300 1859 394 1919 usque
423 1842 514 1901 donee
541 1841 567 1900 is
590 1841 735 1900 tradendo
758 1841 806 1901 vel
829 1842 1025 1917 mauoipundo
1048 1843 1097 1902 vel

89 1929 120 1990 in
146 1931 212 1990 iure
240 1930 370 1990 cedendo
398 1929 538 2008 legatarii
565 1948 630 1990 eum
658 1929 775 2008 feeerit,
802 1929 848 1989 ite
872 1933 903 1989 et
925 1931 957 1990 in
980 1931 1097 1991 sinendi

88 2020 176 2079 modo
195 2019 296 2095 legato
314 2018 389 2077 iuris
408 2021 469 2093 sst3
489 2021 520 2078 et
537 2018 603 2078 ideo
622 2019 713 2078 huius
732 2037 851 2096 quoque
869 2020 964 2097 legati
975 2020 1095 2080 nomine

87 2109 119 2167 in
145 2125 303 2183 personum
331 2107 409 2168 ustio
438 2110 496 2168 est:
525 2106 671 2185 quidquid
693 2108 831 2167 herodem
855 2127 891 2167 ex
913 2110 1093 2169 testamento

86 2198 159 2257 dare
196 2196 293 2256 fecere
330 2198 457 2273 oportet.
511 2199 583 2256 sunt
614 2201 716 2256 tumen
747 2195 800 2272 qui
831 2201 941 2273 putent
973 2217 1008 2257 ox
1039 2200 1096 2258 hoo

87 2285 189 2361 legato
211 2302 273 2345 non
294 2285 390 2346 videri
413 2285 582 2362 obligatum
599 2285 747 2359 heredem,
769 2288 806 2345 ut
822 2286 973 2362 mancipet
991 2290 1045 2346 eut
1063 2286 1095 2346 in
1173 2271 1178 2282 ’

86 2374 153 2432 iure
177 2373 263 2434 oedut
286 2376 340 2433 unt
366 2374 481 2447 tradet,
508 2375 558 2433 sed
587 2374 737 2448 sulficere,
761 2376 797 2432 ut
822 2374 1006 2451 legatarium
1031 2394 1095 2434 rem

86 2480 203 2521 sumere
230 2462 379 2540 potietur,
407 2461 479 2538 quia
505 2461 580 2520 nihil
606 2463 690 2520 ultra
717 2461 744 2520 ei
769 2464 898 2522 testator
924 2463 1094 2539 imperavit,

85 2569 178 2627 quem
195 2553 232 2610 ut
250 2550 338 2626 sinet,
356 2549 447 2610 idest
460 2550 602 2628 patietur,
621 2548 801 2626 legatarium
814 2568 878 2608 rom
891 2550 949 2611 sibi
962 2545 1094 2611 hebere'.

85 2639 152 2700 uei.
172 2642 203 2716 2,
218 2641 291 2699 213.
307 2640 379 2698 214.

179 2740 243 2806 14?
270 2738 341 2804 Gai.
364 2739 398 2818 2,
417 2738 491 2804 215.
518 2774 555 2784 -
581 2736 683 2803 Maior
711 2737 769 2802 illu
797 2737 953 2803 dissensio
976 2740 1010 2803 in
1032 2739 1094 2804 hoo

84 2831 196 2915 legato
224 2829 412 2912 intervenit,
444 2827 472 2892 si
500 2826 634 2891 eandem
660 2846 730 2891 rem
757 2825 881 2892 duobus
909 2827 1095 2911 pluribusve

82 2919 271 2984 disiunctim
304 2916 437 3003 logosti3
468 2915 597 3000 quidum
633 2918 752 3000 putent
783 2915 926 3000 utrisque
958 2915 1094 2983 solidum

82 3007 204 3088 deberi,
226 3006 374 3072 nonnulli
397 3006 583 3088 oooupentis
602 3026 672 3070 esse
690 3005 855 3070 meliorem
874 3003 1094 3070 condicionem

83 3097 270 3178 aestiment,
294 3095 369 3180 quie
392 3116 464 3160 oum
487 3115 524 3159 eo
548 3115 664 3178 genere
687 3094 790 3178 legati
813 3093 983 3158 damnetur
1001 3093 1094 3159 heres

84 3183 278 3270 patientiam
310 3187 489 3267 praestare,
523 3187 558 3246 ut
583 3181 761 3265 legatarius
787 3203 855 3247 rem
883 3182 1014 3266 habeut,
1046 3205 1094 3248 se-

83 3273 213 3358 quitur,
240 3276 276 3337 ut
304 3272 332 3336 si
360 3271 460 3356 priori
487 3269 676 3353 patientium
699 3271 896 3353 praestiterit
919 3275 952 3336 et
974 3272 1003 3335 is
1025 3293 1094 3337 rem

84 3361 270 3446 sumpserit,
288 3381 418 3425 securus
437 3360 481 3425 sit
499 3359 651 3424 adversus
665 3379 737 3423 eum
753 3360 808 3443 qui
822 3364 936 3443 posteo
948 3362 1092 3446 legatum

83 3449 224 3533 petierit,
247 3448 322 3534 quie
341 3470 443 3534 neque
462 3449 561 3513 hebet
583 3469 661 3530 rem,
683 3451 720 3512 ut
741 3448 885 3530 potietur
903 3470 974 3515 eum
994 3449 1034 3514 ab
1054 3470 1092 3515 eo

83 3536 180 3620 sumi,
198 3559 301 3621 neque
318 3537 392 3602 dolo
407 3537 492 3604 mulo
507 3537 584 3603 feeit
598 3537 769 3626 quominus
784 3559 854 3603 eum
868 3560 936 3603 rem
950 3538 1094 3606 heberet.
