2580 3888
157 175 223 238 3ῖό
260 174 294 229 Π.
321 174 389 230 ΤΙΒ.
409 174 485 230 GAII
508 173 637 231 GLAUD.
661 173 797 232 NERON.
816 175 922 232 TEMP.
946 176 1043 232 IURlS
1067 178 1166 234 CONS.

157 344 244 404 volae
267 335 313 423 (P.
331 345 424 404 2062.
445 345 540 404 2069.
561 346 656 405 2070.
672 346 780 405 20712.
798 337 898 426 2082)
922 364 1050 423 suasque
1072 347 1167 423 ipsius

158 434 321 492 sententias
354 427 400 510 (P.
425 427 525 510 2064)
558 433 682 492 addidit.
732 433 869 512 Krueger
900 453 1018 512 quoquc
1050 455 1078 510 p.
1104 438 1165 496 205

157 523 271 580 monet:
301 514 385 579 ‘Hier
410 521 487 598 licgt
513 522 593 581 wohl
619 522 703 581 nicht
731 521 784 582 das
812 523 1042 601 ursprunglicbe
1073 524 1166 584 Werk

157 609 210 668 das
233 609 376 668 Vitellius
404 629 441 668 zu
468 609 602 687 Grunde,
634 611 761 670 sondern
795 611 842 670 die
869 611 1075 689 Bearbeitung
1105 614 1166 672 des·

158 698 260 758 selben
284 699 376 757 durch
400 697 529 758 Sabinus
548 743 555 756 .
571 745 577 757 .
593 692 612 758 .'
658 719 752 776 aeque
776 699 868 759 Lenel
891 701 1016 760 iudicat:
1045 695 1167 762 ‘Paulus

157 787 190 846 in
207 787 254 846 his
273 787 491 847 commentariis
511 786 614 846 Sabini
631 789 820 864 potissimum
843 790 880 847 ad
894 788 1052 848 Vitellium
1074 790 1167 850 libros

157 876 364 936 videturesse
393 870 533 937 secutus’.
568 869 663 952 ¹qnod
689 877 781 936 nihilo
809 878 911 936 minus
940 880 1167 939 commentarios

156 983 216 1024 non
239 965 277 1025 ad
301 963 453 1042 Sabinum,
482 965 533 1024 sed
557 965 595 1024 ad
616 965 776 1024 Vitellium
797 966 996 1044 inscripserit,
1024 969 1072 1028 vel
1099 967 1167 1027 inde

158 1054 306 1130 explicare
338 1054 421 1132 licet,
460 1054 539 1131 quod
571 1053 704 1132 Augusti
735 1058 912 1130 procurator
944 1056 1030 1132 quasi
1061 1075 1167 1132 procu·

158 1147 294 1202 ratorum
321 1146 466 1218 patrenus
494 1143 663 1202 habebatur
685 1143 733 1202 vel
756 1143 836 1220 quod
859 1143 929 1203 libri
952 1145 990 1203 ad
1008 1145 1167 1204 Vitellium

157 1232 262 1308 scripti
288 1251 342 1308 per
368 1231 638 1307 breviloquentiam
661 1225 827 1291 ‘Vitellius'
851 1233 998 1292 nominari
1022 1234 1168 1311 solebant,

157 1320 238 1398 quod
269 1319 365 1396 magis
395 1321 501 1396 placet.
552 1320 724 1380 adiumento
758 1324 817 1398 est,
850 1321 928 1396 quod
956 1321 1061 1381 Sabini
1093 1323 1168 1382 iuris

157 1409 254 1470 civilis
272 1409 365 1468 libros
387 1409 587 1485 persimilem
610 1409 878 1486 breviloquentiam
898 1404 1050 1470 ‘Sabinus’
1074 1413 1167 1470 nomi-

156 1501 244 1558 natos
272 1517 336 1558 esse
360 1501 498 1575 apparet;
525 1517 595 1557 nam
618 1498 824 1558 commentarii
847 1517 865 1558 a
887 1499 1051 1575 Pomponio
1074 1500 1169 1560 Paulo

156 1586 287 1664 Ulpiano
324 1587 362 1646 ad
403 1587 458 1646 bos
498 1586 591 1647 libros
628 1588 784 1665 compositi
821 1582 902 1646 ‘libri
938 1590 976 1647 ad
1013 1583 1168 1649 Sabinum'

157 1676 302 1752 appellati
325 1679 403 1736 sunt.
449 1676 576 1736 Paulum
605 1695 672 1736 cum
699 1696 759 1736 non
787 1678 874 1736 modo
902 1677 940 1736 ad
965 1677 1067 1737 Sabini
1093 1679 1169 1738 iuris

158 1764 263 1842 civilis,
288 1766 339 1824 sed
362 1765 453 1824 etiam
477 1764 515 1824 ad
538 1765 671 1825 eiusdem
694 1766 787 1825 libros
807 1766 846 1824 ad
863 1764 1023 1826 Vitellium
1042 1766 1169 1843 scriptos

157 1854 386 1914 commentarios
414 1856 501 1913 edere
525 1855 658 1913 animum
680 1854 859 1932 induxisset,
883 1857 937 1914 aut
958 1855 1169 1915 verbosissime

157 1961 192 2002 ac
219 1943 431 2002 molestissimo
459 1941 549 2001 titulo
578 1946 632 2000 aut
654 1961 687 2001 eo
712 1962 770 2019 quo
794 1961 867 2002 usus
891 1946 950 2020 est,
980 1944 1026 2004 uti
1048 1963 1169 2004 necesse

157 2035 230 2090 erat.
277 2024 327 2089 ‘ad
354 2024 497 2091 Brutum'
521 2048 640 2107 quoque
669 2024 722 2112 (sc.
750 2030 913 2108 Ciceronis)
940 2033 1171 2093 commentarios

158 2118 248 2178 scribi
271 2119 406 2195 potuisse
429 2118 659 2178 existimandum
682 2123 735 2178 est.

246 2224 351 2300 Neque
374 2224 525 2283 librorum¹
543 2243 684 2284 numerus
707 2226 839 2286 traditur
856 2247 951 2304 neque
971 2231 1069 2288 certus
1093 2228 1173 2288 liber

156 2314 309 2374 laudatur.
355 2314 476 2373 videtur
507 2315 608 2372 autem
643 2313 770 2374 Sabinus
803 2320 834 2375 et
866 2316 898 2386 Q.
922 2317 1014 2376 Mucii
1041 2310 1091 2399 (D.
1118 2320 1172 2393 33,

160 2405 188 2480 9,
204 2405 223 2464 3
238 2394 298 2483 pr.)
323 2405 353 2462 et
372 2402 451 2463 Galli
470 2394 521 2484 (D.
536 2405 588 2481 34,
603 2406 633 2480 2,
650 2405 700 2478 32,
717 2397 751 2485 1)
775 2408 805 2464 et
824 2405 989 2465 Tuberonis
1013 2398 1062 2488 (D.
1081 2399 1172 2488 ibid.)

159 2493 190 2550 at
216 2492 365 2551 Labeonis
394 2486 442 2571 (D.
467 2492 538 2553 ibid.
561 2493 596 2552 cf.
622 2495 673 2569 34,
693 2497 722 2571 2,
742 2496 793 2571 32,
814 2490 847 2571 6)
877 2489 962 2554 libris
995 2494 1068 2555 usus
1095 2513 1172 2574 esse,

159 2600 286 2656 quorum
308 2581 384 2642 iuris
408 2583 613 2642 consultorum
636 2584 799 2643 sententias
823 2583 955 2643 aPaulo
977 2585 1111 2660 prolatas
1130 2585 1172 2643 ab

158 2670 214 2730 boc
240 2671 272 2729 in
294 2671 389 2747 ipsius
414 2671 451 2731 ad
473 2670 634 2731 Vitellium
656 2672 749 2731 libros
773 2691 809 2730 ex
832 2672 936 2732 Sabini
958 2668 1046 2731 libris
1069 2676 1169 2732 trans-

157 2758 235 2819 latas
269 2778 333 2819 esse
364 2761 436 2819 licet
467 2761 609 2820 conicere.
661 2761 713 2819 sed
744 2761 818 2820 haec
850 2780 968 2838 quoque
998 2761 1190 2838 fragmenta·

157 2867 322 2925 proponere
344 2866 435 2908 ausus
458 2867 517 2907 non
540 2867 615 2908 sum.

246 2955 382 3031 Denique
419 2966 515 3031 pauca
552 2952 675 3012 dicenda
710 2957 780 3014 sunt
812 2956 847 3014 de
881 2955 912 3025 Q.
936 2955 1035 3016 Mucio
1069 2959 1100 3015 et
1133 2957 1173 3016 de

160 3043 302 3103 Scaevola
333 3044 365 3102 in
398 3043 483 3101 libris
516 3042 554 3100 ad
581 3041 740 3101 Vitellium
772 3044 944 3122 nominatis,
978 3063 1107 3121 quorum
1140 3047 1175 3105 in

158 3132 304 3191 librorum
331 3130 508 3209 fragmentis
535 3149 595 3189 non
623 3131 709 3190 modo
734 3131 767 3201 Q.
785 3131 902 3192 Mucius
929 3133 1084 3206 laudatur,
1117 3136 1174 3194 scd

159 3221 326 3280 sententiae
354 3238 472 3296 quoque
501 3219 564 3278 sine
592 3221 724 3280 auctoris
751 3222 870 3281 nomine
892 3222 1035 3282 videntur
1059 3223 1174 3282 afferri.

106 3341 111 3351 ’
203 3360 240 3418 n.
260 3363 312 3434 34,
336 3363 365 3432 2,
391 3363 432 3420 10
456 3360 637 3436 Pomponius
735 3363 772 3423 n.
788 3365 838 3441 en,
858 3365 899 3424 45
919 3363 1067 3440 Ulpianus
1090 3365 1176 3426 nero

159 3446 236 3506 libro
273 3449 377 3523 quinto
418 3449 456 3507 ad
494 3448 638 3519 Quintum
691 3452 832 3511 vicesimo
843 3453 971 3513 secundo
979 3453 1176 3525 adSabinum

160 3533 293 3594 Mucium
315 3531 360 3615 (P.
377 3529 464 3616 244).
486 3569 523 3578 -
547 3537 637 3608 Quin·
693 3533 740 3619 (P.
755 3533 864 3622 2635).
880 3572 922 3584 -
938 3541 1066 3602 Sabinus
1083 3543 1178 3606 libris
