2512 3888
326 194 331 200 „
382 166 406 215 2.
429 158 612 214 Masculus
631 158 784 214 SABINUS
1022 158 1087 224 481

78 329 226 402 conicere,
259 328 338 405 quod
369 327 550 403 Pomponius
581 327 658 386 libro
682 325 768 402 vm,
801 326 912 390 Paulus
946 329 1023 388 libro
1051 329 1088 405 V,

80 417 229 495 Ulpianus
251 417 337 476 libris
364 415 480 475 XXVII
502 418 533 474 et
558 414 688 474 XXVlIl
716 415 752 474 de
780 417 964 478 statuliberis
993 422 1023 477 et
1052 418 1087 477 de

80 507 180 584 operis
216 505 392 565 libertorum
431 504 577 564 dixerunt.
636 503 721 562 onius
758 504 854 579 partis
890 506 970 582 quod
1005 509 1087 584 frag·

81 599 182 655 menta
199 595 284 654 nulla
303 595 431 672 exstant,
449 612 509 654 non
528 595 573 653 est
594 611 647 652 cur
664 593 815 652 miremur.
858 589 932 654 ‘Hat
951 595 1087 673 Sabinus,

82 684 138 743 wie
163 682 267 759 Gaius,
290 703 348 742 nur
371 682 418 741 die
442 681 715 760 Bescbrdnkungen
738 680 791 738 der
814 681 1004 762 Freilassung
1027 686 1088 745 und

81 773 129 833 die
156 772 386 833 verschiedenen
414 771 593 850 Kategorien
620 769 673 829 der
699 768 801 828 liberti
828 791 881 830 zur
903 772 1088 852 Erdrterung

82 862 234 942 gebracht,
257 880 289 920 so
313 879 413 922 waren
436 861 516 920 scine
534 860 596 919 und
615 857 712 918 seiner
730 857 991 921 Commentatoren
1010 861 1087 922 Aus-

82 952 251 1029 fflhrungen
264 949 315 1008 fiir
328 949 375 1009 die
390 947 609 1024 Oompilatoren
623 947 685 1008 fast
698 947 847 1008 durchaus
860 949 1089 1026 unpralrtisches

82 1039 231 1114 Material,
254 1038 307 1098 das
330 1039 420 1096 ihnen
442 1037 528 1098 lreine
553 1036 748 1115 Gelegenheit
769 1057 806 1096 zu
829 1039 998 1115 Excerpten
1015 1034 1089 1102 bot?

82 1129 174 1188 Lenel
184 1128 204 1186 1.
215 1146 238 1186 c.
248 1149 277 1204 p.
289 1128 339 1188 55.
376 1145 444 1186 eum
460 1125 561 1186 Sabini
576 1127 722 1186 sententia
737 1145 755 1187 a
770 1124 1089 1206 Ge11.5‚19‚11—14

81 1219 178 1278 relata
208 1216 299 1276 huius
329 1215 387 1274 loci
414 1233 478 1274 esse
506 1216 654 1293 videatur,
686 1233 745 1274 non
774 1215 810 1275 de
838 1217 955 1277 libertis
983 1217 1089 1296 solum,

82 1307 135 1367 sed
158 1305 249 1364 etiam
273 1305 309 1362 de
331 1305 469 1381 ingenuis
492 1304 606 1363 dictum
629 1305 722 1363 fuisse
745 1305 922 1381 putaverim.

172 1388 208 1452 ³..
223 1393 386 1452 liberorum
404 1392 558 1451 hominum
576 1393 629 1450 alii
642 1391 766 1468 ingenui
783 1397 861 1473 sunt,
880 1395 933 1454 alii
947 1394 1089 1454 libertini.

82 1482 205 1558 ingenui
231 1483 314 1556 sunt,
342 1479 394 1557 qui
415 1480 502 1540 liberi
524 1480 589 1539 nati
613 1484 695 1556 sunt3
723 1481 854 1542 libertini
877 1483 928 1560 qui
951 1503 987 1543 ex
1009 1484 1090 1543 iusta

82 1569 229 1631 servitute
253 1567 428 1627 manumissi
451 1572 529 1627 sunt.
566 1587 669 1628 rursus
692 1570 901 1630 libertinorum
920 1566 1001 1650 <tria
1020 1575 1091 1632 sunt

82 1677 206 1738 genera3
223 1677 294 1717 narn
311 1660 363 1716 aut
377 1656 455 1716 cives
470 1657 596 1716 Romani
610 1661 664 1718 aut
678 1657 779 1716 Latini
793 1663 847 1719 aut
860 1656 1089 1740 dediticiorum>

82 1765 206 1809 numero
230 1739 322 1807 sunt'
359 1745 423 1804 Gai.
440 1750 468 1823 1,
485 1749 622 1806 10-12.

90 1875 93 1882 ,
172 1831 219 1897 ‘In
241 1835 324 1895 ouius
347 1852 475 1910 persona
496 1835 557 1893 tria
578 1835 651 1894 baec
668 1838 861 1913 concurrunt,
885 1843 920 1896 ut
937 1838 1033 1898 maior
1051 1839 1091 1899 sit

83 1945 229 1987 annorum
255 1923 394 2002 triginta,
418 1926 449 1982 et
471 1943 507 1982 ex
529 1923 595 1983 iure
619 1923 780 1994 Quiritium
803 1925 928 2004 domini,
956 1929 987 1986 et
1008 1927 1091 1987 iusta

83 2033 118 2076 sc
144 2015 280 2093 legitima
306 2013 537 2074 manumissione
565 2012 723 2092 liberetur,
750 2013 781 2072 id
808 2017 855 2074 est
881 2015 1014 2074 vindicta
1037 2017 1092 2075 aut

83 2121 173 2164 censu
192 2106 246 2162 aut
264 2103 452 2175 testamento,
472 2102 498 2161 is
517 2102 589 2164 civis
607 2102 759 2162 Romanus
777 2102 812 2162 fit
892 2104 971 2180 quod
990 2109 1092 2165 antem

83 2194 121 2252 de
144 2192 244 2251 aetate
267 2190 347 2251 servi
367 2191 540 2270 requiritur,
563 2192 629 2270 lege
652 2191 739 2252 Aelia
762 2191 865 2252 Sentio
886 2193 1091 2254 introductum

83 2284 139 2342 est.
179 2299 247 2340 nam
273 2298 308 2338 ea
326 2279 374 2338 lex
392 2280 521 2340 minores
539 2280 621 2339 XXX
640 2299 786 2340 annornm
805 2301 906 2342 servos
925 2302 985 2343 non
1003 2283 1092 2342 aliter

82 2369 180 2431 voluit
202 2368 399 2428 manumissos
423 2370 502 2431 cives
521 2369 669 2429 Romanos
691 2370 766 2447 fieri,
789 2389 879 2446 quam
903 2374 928 2430 si
948 2371 1091 2447 vindicta,

85 2458 166 2534 apud
205 2457 362 2517 consilium
398 2457 479 2516 iusta
515 2475 607 2516 causa
641 2459 880 2517 manumissionis
917 2460 1091 2536 adprobata,

83 2546 205 2608 liberati
236 2545 358 2604 fuerint.
406 2545 487 2605 iusta
519 2549 620 2605 autem
653 2563 742 2604 causa
773 2547 1014 2607 manumissionis
1045 2551 1092 2606 est

81 2636 181 2697 veluti
217 2635 242 2695 si
278 2633 345 2709 quis
380 2633 476 2693 filium
511 2633 641 2694 filiamve
678 2637 731 2691 aut
765 2633 890 2693 fratrem
923 2653 1091 2695 aororemve

81 2725 252 2786 naturalem
350 2726 403 2782 aut
430 2723 569 2782 ancillam
596 2722 779 2781 matrimonii
802 2739 892 2781 causa
920 2722 1000 2798 apud
1023 2741 1092 2782 oon-

83 2814 187 2874 silium
214 2812 417 2872 manumittat.
462 2811 619 2871 consilium
647 2814 749 2871 autem
776 2809 938 2871 adhibetur
963 2811 995 2869 in
1017 2811 1092 2870 urbe

83 2903 180 2962 Roma
197 2945 229 2963 ..
247 2901 378 2979 quinque
409 2904 580 2961 aenatorum
607 2903 638 2960 et
665 2900 795 2979 quinque
823 2899 958 2978 equitum
985 2900 1093 2959 Roma-

82 3011 190 3051 norum
212 2991 360 3068 puberum
448 2990 559 3049 Romae
583 2989 672 3050 certis
702 2989 807 3049 diebus
830 2988 911 3064 apud
934 2988 1092 3048 concilium

83 3081 342 3140 manumittuntur
369 3127 375 3140 .
403 3078 530 3139 maiores
566 3097 637 3139 vero
668 3079 795 3155 triginta
831 3097 977 3138 annorum
1013 3077 1094 3137 servi

84 3187 202 3245 semper
225 3167 396 3228 manumitti
421 3160 538 3227 solent'
572 3166 836 3246 Gai.1‚17-20.

173 3257 218 3316 De
251 3256 480 3317 manumissione
507 3255 639 3315 vindicta
670 3256 806 3315 facienda
837 3255 964 3314 fortasse
997 3273 1093 3314 sermo

83 3348 152 3406 erat
178 3347 230 3405 ubi
257 3347 294 3406 de
316 3345 515 3408 vindicatione
539 3345 654 3422 agitur,
680 3345 712 3404 id
735 3347 782 3404 est
804 3344 881 3404 libro
904 3343 964 3423 111,
991 3344 1035 3403 ita
1058 3346 1094 3402 nt

83 3435 225 3494 hocloco
244 3437 362 3495 tantum
385 3435 421 3494 de
444 3434 675 3494 manumissione
699 3452 790 3494 censu
812 3433 949 3493 facienda
972 3451 1094 3494 accura-

84 3523 150 3583 tius
173 3523 289 3583 dictum
310 3523 409 3583 fuerit.

140 3630 236 3680 Iurirpr.
250 3631 367 3674 antehadr.
380 3631 430 3674 rell.
444 3633 477 3676 ed
491 3633 591 3677 Bremer.
616 3633 647 3676 11.
848 3628 879 3677 31
