2568 3890
172 167 237 234 288
274 171 294 225 Ι,
318 167 715 224 1111111111111111
734 169 870 225 ΤΙΒΕΒΙΙ
889 168 985 226 IURIS
1005 168 1186 226 CONSULTI

470 365 511 448 9.
544 371 715 444 FABIUS
743 371 886 447 Manu.

261 517 306 576 De
325 517 389 576 vita
407 515 472 575 eius
490 514 567 575 nihil
585 517 753 592 accepimus
771 516 831 576 nisi
849 516 928 592 quod
946 515 982 574 de
1001 517 1064 576 eius
1081 519 1183 577 aetate

172 605 317 682 suspicari
336 605 407 665 licet
421 597 463 681 (v.
477 597 580 686 infra).
613 605 652 664 (le
670 605 844 683 cognomine
858 605 954 664 Melae
973 624 1000 666 v.
1015 605 1186 666 Wilmanns

171 693 317 771 Exempla
343 694 374 753 H
393 695 465 754 387.
520 693 663 754 Annaeus
696 695 775 753 Mela
802 686 885 775 (Fac.
909 687 1126 774 ann.16,17)
1155 699 1186 755 11

171 781 252 842 Μ111
272 776 364 863 (Ρ111.
383 783 411 842 h.
431 801 459 842 n.
481 785 530 856 19,
552 774 629 864 110)
652 783 841 859 reperiuntur
864 783 944 842 inter
966 788 1185 859 procuratores.

172 889 348 947 responsum
371 871 458 931 Fabii
480 871 599 930 nullum
621 871 762 950 traditur,
785 874 820 931 ut
842 871 1040 949 respondendi
1061 892 1185 933 munere

172 979 241 1020 eum
269 961 406 1020 functum
433 979 495 1020 non
526 978 590 1020 esse
618 960 754 1021 conicias.
801 963 833 1020 at
858 961 1003 1020 nonnulla
1031 980 1067 1020 ex
1098 962 1186 1022 libris

172 1049 249 1122 eiua,
284 1069 412 1126 quorum
440 1049 572 1109 decimus
599 1049 771 1108 nominatur
800 1041 850 1130 (D.
865 1051 917 1125 46,
933 1052 962 1129 3,
978 1041 1103 1131 39pr.),
1131 1051 1185 1110 sed

171 1156 266 1215 neque
294 1140 504 1216 argumentum
531 1157 627 1215 neque
656 1138 779 1198 titulus'
794 1138 940 1216 traditur,
970 1139 1001 1196 in
1023 1138 1186 1199 Iustiniani

170 1225 300 1303 Digesta
321 1230 441 1302 recepta
464 1229 544 1286 sunt.

261 1315 336 1375 Cum
360 1315 456 1376 Servii
483 1316 569 1376 libris
596 1334 670 1375 usus
694 1316 734 1376 sit
756 1307 807 1396 (D.
824 1319 875 1393 33,
892 1320 920 1393 9,
935 1319 964 1394 3,
982 1320 1023 1378 10
1046 1312 1184 1378 ‘Servius

172 1405 253 1480 apud
275 1405 385 1464 Melam
409 1451 415 1464 .
436 1450 465 1464 ..
488 1398 618 1486 scribit')
643 1408 673 1465 et
695 1405 841 1466 Proculus
865 1406 901 1466 de
924 1405 1012 1465 Fabii
1035 1406 1185 1467 sententis

170 1492 349 1556 iudicaverit
368 1486 419 1575 (D.
436 1497 464 1571 9,
479 1496 507 1568 2,
527 1497 565 1554 11
576 1515 622 1571 pr.
641 1489 733 1553 ‘Mela
751 1494 856 1554 scribit
875 1538 926 1556 ...
945 1495 977 1554 in
995 1514 1184 1573 quocumque

171 1599 275 1641 eorum
303 1584 393 1658 culpa
420 1583 473 1660 sit,
501 1602 569 1642 eum
678 1585 782 1643 teneri.
832 1583 976 1644 Proculus
1004 1584 1036 1642 in
1062 1587 1184 1644 tonsore

172 1688 235 1730 esse
268 1666 429 1752 culpam'),
461 1671 551 1732 huius
584 1673 646 1732 fere
679 1673 714 1732 de
747 1691 806 1749 qua
837 1673 954 1750 agimus
987 1675 1057 1732 aeta
1058 1673 1096 1732 tis
1129 1677 1183 1734 est.

171 1763 240 1835 post
262 1761 434 1822 Labeonem
461 1780 529 1820 eum
558 1761 711 1837 scripsisse
734 1761 882 1838 Ulpianus
904 1762 1026 1822 videtur
1048 1760 1182 1821 indicare

171 1848 218 1908 his
245 1851 345 1909 verbis
370 1841 420 1932 (D.
438 1852 488 1930 19,
503 1853 533 1929 2,
550 1853 599 1924 13,
615 1843 688 1930 8)‘
690 1850 734 1910 ita
756 1850 911 1910 Labeoet
933 1851 1013 1910 Mela
1035 1845 1184 1911 scribunt’

171 1939 202 1995 et
233 1937 345 1998 Paulus
376 1939 517 2015 probare,
550 1958 619 1998 cum
650 1939 744 1999 tradit
776 1931 826 2020 (D.
848 1941 898 2018 25,
919 1942 948 2018 2,
968 1942 986 2000 3
989 1930 1061 2020 ,4).
1093 1934 1185 2000 ‘Mela

170 2025 326 2087 Fulcinius
350 2020 457 2086 aiunt'.
504 2028 540 2086 de
564 2028 666 2088 Prisco
689 2028 825 2088 Fulcinio
847 2047 875 2089 v.
898 2029 985 2088 infra.

258 2115 382 2175 Praeter
419 2115 517 2176 Servii
554 2115 680 2192 Sulpicii
717 2108 766 2197 (D.
793 2119 848 2193 33,
873 2120 906 2196 9,
930 2120 963 2191 3,
990 2109 1047 2199 10)
1090 2118 1182 2179 libros

170 2201 280 2262 Melam
323 2204 414 2263 etiam
457 2203 537 2263 Galli
572 2204 689 2283 Aquilii
730 2202 1027 2285 (Ι).19,1,17,6
1066 2200 1183 2267 ‘Gallus

171 2294 273 2351 autem
308 2291 465 2369 Aquilius,
502 2293 587 2354 cuius
623 2295 702 2354 Mela
738 2295 830 2355 refert
818 2290 1061 2377 topinionem')
1095 2314 1183 2356 usum

170 2397 234 2440 esse
266 2385 393 2442 constat
444 2383 480 2441 de
511 2383 651 2443 Labeone
683 2402 732 2444 res
765 2384 856 2445 dubia
888 2387 946 2461 est,
979 2384 1183 2461 compluribus

171 2469 249 2527 enim
277 2471 351 2531 locis
378 2471 527 2551 Ulpianus
555 2472 653 2532 Melae
681 2474 712 2532 11
734 2473 883 2533 Labeonis
911 2473 1076 2533 sententias
1104 2473 1183 2533 dein-

170 2575 239 2633 ceps
262 2559 307 2619 ita
329 2561 478 2637 proponit,
501 2564 538 2620 ut
555 2562 651 2622 Melae
674 2563 911 2622 sententiatum
934 2563 1063 2639 priorem
1082 2563 1184 2622 locum

170 2648 272 2708 111111
291 2641 340 2731 (D.
357 2653 385 2724 9,
400 2652 430 2726 2,
446 2653 497 2728 27,
513 2652 554 2710 34
579 2644 670 2710 ‘Mela
692 2651 844 2712 scribit
860 2645 997 2726 §335
1022 2645 1160 2712 Item..

169 2735 271 2797 Labeo
304 2734 429 2799 scribit'
479 2696 717 2816 Ι).47,10,15,
737 2742 778 2800 45
808 2734 898 2800 ‘Mela
926 2733 1051 2800 scribit'.
1100 2737 1181 2815 §46

171 2816 282 2887 ‘Labeo
302 2822 427 2888 scribit'
467 2829 504 2887 D.
522 2830 571 2905 15,
587 2830 617 2905 3,
633 2833 662 2902 7,
678 2830 697 2887 2
717 2823 809 2889 ‘Illud
827 2848 932 2890 verum
949 2849 1010 2889 non
1028 2832 1083 2905 est,
1103 2829 1183 2906 quod

168 2913 250 2974 Mela
281 2916 442 2976 scribit..
459 2910 549 2992 .'§
564 2873 726 2976 3‘1'11ud
757 2918 846 2994 plane
878 2937 982 2979 verum
1011 2921 1069 2996 est,
1103 2919 1183 2996 quod

168 3002 271 3063 Labeo
296 2998 440 3085 scribit’,)
469 3007 535 3064 tum
557 3005 753 3082 posteriorem
774 3000 824 3087 (D.
845 3009 896 3082 19,
916 3008 945 3086 5,
965 3009 1006 3067 20
1015 3027 1060 3084 pr
1089 2999 1183 3082 ‘apud

169 3090 339 3153 Labeonem
363 3087 541 3171 quaeritur'.
584 3092 604 3170 ἓ
622 3097 705 3155 1
664 3089 752 3155 Item
776 3097 856 3171 apud
874 3054 985 3155 Melam
1005 3089 1181 3173 quaeritur'.

168 3179 204 3240 D.
226 3183 277 3258 27,
297 3185 326 3260 3,
347 3185 414 3256 1,5
449 3177 560 3243 ‘Labeo
593 3179 734 3260 scripsit'.
790 3182 851 3259 §6
885 3179 976 3244 ‘Mela
1008 3177 1183 3245 existimat'.

169 3268 205 3326 D.
216 3272 268 3346 43,
281 3274 331 3348 14,
343 3275 370 3347 1,
382 3275 400 3332 6
417 3266 460 3331 ‘et
477 3272 521 3331 ita
534 3267 656 3334 Labeo'.
688 3271 708 3349 ἓ
720 3275 737 3333 7
754 3267 797 3332 ‘et
810 3273 854 3332 ita
867 3274 947 3333 Mela
961 3264 1102 3354 scribit').
1130 3272 1183 3333 sed

168 3359 203 3415 ut
221 3359 268 3417 illi
284 3361 487 3438 aliquomodo
503 3362 654 3422 coniuncti
669 3380 733 3422 esse
748 3362 896 3441 videntur,
914 3363 959 3423 ita
973 3363 1038 3421 eius
1052 3380 1183 3422 conexus

168 3448 280 3506 natura
303 3449 419 3508 definiri
438 3469 498 3510 non
516 3454 625 3526 potest,
650 3470 716 3511 cum
735 3452 766 3510 in
784 3452 880 3511 Melae
898 3452 1075 3528 fragmentis
1093 3451 1182 3511 hodie

170 3553 287 3612 quoque
311 3538 483 3598 extantibus
506 3539 654 3601 Labeonis
676 3559 785 3600 nomen
807 3559 955 3618 nusquam
978 3539 1106 3616 legatur.
