2512 3888
398 197 423 246 2.
449 189 634 246 ussomus
654 189 806 246 sumnus
1043 187 1114 254 399

97 357 220 436 perinde
244 357 281 417 ad
304 357 482 435 legatarium
505 376 577 417 usus
601 357 763 434 pertinet
786 357 865 418 acsi
884 357 1062 418 nominatim
1081 359 1109 418 ei

99 465 202 507 aarum
228 467 329 507 rerum
355 464 429 506 usus
456 448 573 506 fructus
600 447 720 525 legatus
746 442 875 508 fuisset'.
919 447 953 508 P.
975 450 1038 508 475
1063 441 1108 506 ‘Si

99 537 167 614 quis
199 535 254 595 sub
287 535 457 596 condicione
489 535 614 596 heredes
647 535 891 613 instituisset,
924 537 949 596 si
979 537 1108 597 invicem

100 625 286 685 cavissent
317 643 350 684 se
382 624 483 702 legata
515 642 549 684 oo
581 626 763 685 testamento
794 624 901 684 relicta
929 624 1108 701 reddituros,

98 714 221 790 placet
247 713 361 773 remitti
384 713 426 772 eis
449 713 664 790 condicionem,
693 714 764 791 quia
787 713 826 772 ad
848 713 984 773 fraudem
1006 716 1111 792 legum

98 803 269 879 respiceret,
284 820 362 880 quae
376 805 515 863 vetarent
528 803 672 878 quosdam
684 803 786 880 legata
800 820 913 879 capere,
928 821 1109 880 quamquam

99 893 132 951 et
163 891 188 951 si
220 893 343 952 cautum
375 894 454 951 esset
480 891 512 950 in
539 891 606 968 ipsa
635 891 753 951 actione
781 891 953 968 exceptione
979 891 1110 950 tuendus

99 982 178 1041 esset
199 974 382 1058 promissor’.
428 979 461 1041 P.
481 981 543 1041 487
568 973 659 1039 ‘idom
682 983 750 1058 ost,
779 999 847 1040 cum
870 979 957 1040 alteri
979 979 1110 1038 mundus

98 1069 268 1146 muliebris,
296 1069 384 1130 alteri
412 1071 571 1147 argentum
599 1088 685 1130 omne
708 1070 843 1148 legatum
867 1071 976 1142 osset,
1005 1068 1041 1127 de
1063 1086 1110 1127 ar·

99 1161 190 1237 gento
214 1158 293 1235 quod
316 1158 347 1217 in
370 1159 480 1218 mundo
504 1160 610 1218 esset.
646 1158 720 1218 item
743 1158 769 1218 si
791 1158 869 1218 duae
893 1159 1012 1218 statuae
1034 1175 1111 1216 mer·

98 1265 218 1306 moreae
254 1245 312 1306 tibi
349 1249 379 1306 et
415 1246 520 1306 deinde
553 1266 639 1307 omne
672 1265 802 1308 marmor
833 1248 969 1324 legatum
1001 1248 1111 1322 esset,

100 1338 221 1413 praeter
257 1335 333 1394 duas
365 1335 451 1395 nulla
483 1338 585 1396 statua
615 1354 782 1396 marmorea
812 1337 916 1413 legata
947 1339 1003 1395 est
1032 1327 1111 1394 tibi'.

101 1424 134 1484 P.
155 1425 221 1484 490
240 1418 360 1483 ‘Mulier
382 1423 472 1484 villae
495 1427 595 1484 custos
618 1427 767 1501 perpetua
787 1425 880 1485 fundo
904 1425 955 1502 qui
978 1442 1046 1484 cum
1065 1422 1112 1483 in-

100 1514 268 1572 strumento
300 1513 420 1590 legatus
452 1515 550 1572 esset
581 1514 635 1572 aut
665 1513 813 1574 instructo
841 1505 1111 1573 continebitur'.

100 1598 134 1659 P.
153 1602 217 1661 487
247 1596 338 1660 ‘idem
365 1604 433 1677 est,
460 1619 527 1660 oum
555 1601 642 1662 alteri
669 1603 797 1661 mundus
826 1601 995 1676 muliebris,
1022 1600 1112 1660 alteri

101 1692 260 1766 argentum
292 1707 378 1749 omne
410 1690 545 1768 legatum
578 1693 687 1764 esset,
724 1691 760 1749 de
793 1693 932 1768 argento,
969 1689 1048 1766 quod
1079 1689 1112 1748 in

101 1779 211 1838 mundo
240 1781 344 1838 esset.
388 1778 462 1838 iem
489 1778 516 1838 si
544 1777 622 1837 duae
651 1781 770 1838 statuae
795 1797 979 1839 marmoreae
1001 1779 1059 1838 tibi
1081 1775 1114 1838 et'

101 1865 206 1926 deinde
230 1885 317 1926 omne
339 1884 471 1926 marmor
493 1867 630 1945 legatum
653 1872 761 1946 esset,
786 1871 907 1944 praeter
929 1868 1004 1928 duas
1027 1867 1113 1926 nulla

100 1958 202 2016 statua
235 1974 403 2014 marmorea
434 1955 535 2034 legata
567 1959 623 2015 est
654 1950 730 2016 tibi'.
784 1957 818 2018 P.
842 1959 907 2018 500
939 1951 1026 2016 ‘oum
1059 1955 1113 2015 alii

99 2063 222 2122 penum,
254 2044 307 2104 alii
338 2043 442 2106 vinum
473 2046 609 2123 legatum
636 2053 745 2122 esset,
778 2049 899 2122 excepto
928 2045 996 2106 vino
1025 2063 1112 2106 omne

98 2152 210 2210 penum
228 2133 267 2193 ad
285 2132 379 2193 alium
397 2135 578 2212 legatarium
595 2129 818 2210 pertinebit'.
855 2135 887 2195 P.
907 2138 971 2196 594
994 2129 1112 2194 ‘Mulio'

99 2240 164 2282 rem
201 2222 318 2282 absenti
353 2242 409 2299 per
437 2223 555 2283 litteras
590 2225 654 2284 eius
684 2226 735 2285 vel
766 2244 820 2302 per
851 2225 991 2284 nuntium
1023 2241 1111 2301 posse

100 2311 215 2372 nubere
241 2311 377 2388 placet,
410 2311 436 2371 si
462 2312 494 2372 in
522 2313 644 2373 domum
672 2313 735 2374 eius
763 2311 1017 2390 deduceretur,
1045 2331 1111 2372 eam

97 2418 170 2461 vero
203 2419 279 2477 quae
312 2401 458 2460 abesset
489 2420 525 2460 ex
555 2401 666 2460 litteris
696 2403 745 2463 vel
776 2404 882 2463 nuntio
915 2421 969 2463 suo
997 2402 1066 2462 duci
1093 2419 1112 2460 a

98 2489 209 2549 marito
237 2507 296 2548 non
323 2506 423 2566 posse;
451 2489 628 2549 deductione
656 2491 735 2548 enim
761 2509 836 2567 opus
859 2509 924 2551 esse
946 2491 978 2549 in
1000 2489 1114 2566 mariti,-

98 2596 161 2637 non
187 2576 219 2636 in
245 2577 348 2637 uxoris
375 2576 509 2652 domum,
538 2577 623 2654 qnasi
646 2577 678 2635 in
700 2578 884 2637 domicilium
908 2571 1112 2638 matrimonii'.

101 2667 137 2726 P.
157 2668 219 2726 601
244 2663 264 2742 ᾖ
289 2667 309 2725 8
342 2660 391 2724 ‘Si
426 2665 471 2726 vir
502 2665 588 2724 uxori
618 2685 727 2725 munus
759 2665 950 2726 immodicum
981 2665 1113 2726 calendis

98 2755 219 2816 Martiis
247 2756 302 2815 aut
327 2753 424 2813 natali
451 2754 498 2813 die
522 2753 697 2832 dedisset,
726 2755 847 2814 donatio
875 2749 950 2815 est'.
995 2755 1027 2814 P.
1048 2754 1111 2813 649

99 2839 242 2904 ‘Tutores
273 2843 381 2920 quibus
411 2841 631 2903 administratio
660 2844 779 2904 decreta
805 2863 865 2904 non
892 2846 1001 2916 esset,
1034 2845 1113 2902 tem·

99 2951 191 3010 quam
209 2936 366 2992 extraneos
384 2935 465 2992 recte
480 2952 498 2992 s
511 2932 628 3009 pupillo
643 2952 740 2993 emere
758 2926 905 3010 placet'.
933 2932 966 2992 P.
978 2934 1040 2992 667
1056 2929 1076 3006 ξ
1093 2934 1109 2988 1

100 3015 147 3081 ‘si
173 3041 252 3081 unus
279 3040 382 3082 servus
409 3024 482 3081 tuus
509 3021 695 3082 hausisset
722 3027 753 3082 et
775 3022 1008 3099 abstulisset,
1036 3021 1113 3078 alter

99 3111 265 3171 hauriendo
294 3110 496 3187 deprehensus
524 3113 636 3189 esset,
662 3111 772 3188 prioris
797 3112 917 3171 nominc
939 3129 994 3169 nec
1016 3107 1113 3168 mani-

99 3200 180 3276 festi,
199 3198 324 3259 alterius
342 3199 494 3258 manifesti
508 3192 713 3260 teneberis'.
749 3199 781 3264 P.
799 3201 877 3261 688³
895 3194 952 3259 ‘Ex
966 3217 1002 3258 ea
1016 3198 1114 3274 stipu-

98 3288 226 3365 latione,
259 3306 336 3365 quao
367 3307 422 3362 per
453 3288 514 3347 vim
544 3290 661 3348 extorta
689 3291 798 3368 esset,
832 3288 858 3349 si
885 3291 990 3348 exacta
1017 3288 1114 3347 esset

99 3377 241 3454 pecnnia,
270 3376 478 3454 repetitionem
507 3395 571 3436 esse
600 3371 765 3437 constat'.
811 3378 842 3437 P.
864 3379 927 3437 754
956 3371 1001 3436 ‘Si
1027 3374 1114 3434 fundi

98 3483 255 3542 possessor
273 3483 342 3524 oum
359 3465 601 3524 excoluisset.
616 3511 623 3524 .
639 3513 645 3525 .
661 3470 692 3525 et
705 3469 810 3542 postea
825 3466 934 3526 fundus
949 3466 1113 3543 evincatur,

100 3553 218 3616 consita
237 3553 344 3614 tollere
363 3571 422 3614 non
440 3548 583 3629 potest'.
619 3553 649 3614 P.
667 3557 729 3618 757
750 3549 794 3616 ‘Si
813 3557 936 3617 colonus
953 3574 1014 3616 non
1031 3557 1112 3615 dese·
