2508 3896
396 183 422 234 2.
445 176 629 236 MASURIUS
654 177 807 234 SABINUS
1039 179 1105 244 575

99 340 243 406 mandati
269 341 443 424 actionem,
472 340 600 406 etiamsi
622 342 708 405 tanti
730 340 809 406 velis
833 341 914 406 mihi
937 341 1013 408 dare
1037 342 1106 407 fun-

41 427 43 432 ’
98 429 181 512 dum,
205 428 318 514 quanti
340 431 508 494 emendum
527 430 589 494 tibi
608 430 826 515 mandassem,
849 431 945 515 idque
965 432 1105 496 maxima

98 516 218 584 Sabino
242 567 295 586 ...
318 519 449 602 placuit.

184 607 251 673 28¹³.
283 607 310 674 I.
324 608 354 692 3,
367 608 419 686 26,
434 609 463 673 8.
487 644 529 654 -
555 605 589 672 la
618 607 673 692 qui
700 606 887 691 exsequitur
915 608 1105 674 mandatum

97 718 162 760 non
185 697 283 763 debet
304 696 454 762 excedere
472 696 555 761 fines
573 696 727 762 mandati.
768 702 806 761 ut
823 717 895 761 ecee
915 697 943 760 si
962 697 1034 780 quis
1053 719 1106 762 us-

96 806 157 869 que
190 785 230 851 ad
263 789 391 852 centum
424 807 538 852 aureos
568 783 770 850 mandaverit
796 784 871 870 tibi,
903 790 940 849 ut
967 785 1105 851 fundum

96 895 218 939 emeras
239 875 289 940 vel
308 878 346 938 ut
363 896 422 958 pro
441 872 528 940 Titio
548 874 732 958 sponderes,
755 895 859 957 neque
878 872 979 957 pluris
999 895 1105 941 emere

95 962 192 1028 debes
219 984 322 1048 neque
346 962 380 1026 in
404 963 594 1047 ampliorem
618 963 789 1048 pecuniam
812 963 997 1046 fideiubere,
1026 963 1104 1029 alio-

95 1053 173 1136 quin
205 1075 270 1118 non
302 1051 437 1117 habebis
470 1073 543 1117 cum
576 1073 614 1116 eo
642 1051 787 1117 mandati
815 1051 989 1135 actionem,
1023 1051 1104 1117 adeo

95 1141 239 1225 quidem,
271 1144 309 1206 ut
336 1137 457 1206 Sabino
574 1141 746 1225 placuerit,
779 1140 907 1205 etiamsi
934 1160 1036 1224 usque
1064 1139 1105 1206 ad

95 1231 225 1294 centum
242 1251 355 1295 aureos
370 1251 442 1296 cum
458 1251 496 1294 eo
511 1251 605 1314 agere
620 1231 708 1312 velis,
725 1229 886 1294 inutiliter
900 1233 932 1294 te
948 1235 1104 1295 acturum.

183 1319 237 1383 29.
260 1317 298 1383 D.
309 1319 341 1402 3,
349 1319 379 1398 5,
393 1320 441 1401 18,
453 1319 481 1382 1.
521 1317 612 1383 Idem
633 1315 693 1406 (sc.
708 1316 842 1406 Paulus)
860 1317 945 1384 libro
964 1318 1104 1384 secundo

95 1407 135 1470 ad
160 1406 331 1472 Neratium
352 1404 402 1494 (P.
419 1405 528 1494 1032).
547 1443 589 1454 —
610 1405 764 1473 Scaevola
786 1410 898 1472 noster
921 1407 968 1472 ait
990 1410 1105 1491 putare

93 1517 144 1581 se,
175 1496 291 1562 debere
324 1497 408 1580 quod
437 1495 574 1561 Sabinus
604 1496 718 1561 scribit
745 1492 783 1561 a¹
812 1496 916 1580 capite
943 1497 1104 1562 rationem

92 1585 290 1650 reddendam
318 1587 363 1650 sic
390 1585 551 1670 intellegi,
577 1588 614 1651 ut
641 1589 809 1670 appareat,
840 1584 916 1668 quid
943 1585 1105 1670 reliquum

90 1673 191 1738 fuerit
214 1677 307 1752 tunc,
333 1695 407 1739 cum
430 1674 571 1759 primum
593 1674 677 1738 liber
701 1695 770 1738 csse
793 1674 949 1758 coeperit,
978 1695 1044 1738 nou
1067 1679 1105 1739 ut

91 1763 204 1827 dolum
231 1767 289 1827 aut
316 1763 446 1846 culpam
475 1764 509 1827 in
537 1763 693 1828 servitute
721 1762 896 1827 admissam
922 1761 958 1827 in
982 1763 1104 1849 obliga·

89 1849 217 1916 tionem
240 1856 378 1916 revocet.
422 1852 533 1936 itaque
557 1852 584 1916 si
611 1851 795 1916 inveniatur
822 1852 874 1916 vcl
901 1852 989 1917 malo
1016 1874 1104 1918 more

91 1941 232 2025 pecunia
255 1941 289 2004 in
314 1940 467 2004 servitute
491 1945 639 2025 erogata,
660 1940 860 2005 liberabitur.

182 2028 234 2094 30.
262 2027 546 2112 D.43,16,1,14.
587 2027 747 2113 Ulpianus
770 2029 855 2095 libro
878 2030 1102 2114 sexagensimo

89 2117 131 2181 ad
166 2118 306 2184 edictum
336 2118 386 2200 (P.
406 2114 517 2204 1524).
549 2154 587 2163 —
617 2165 652 2182 ..
685 2119 859 2183 seeundum
887 2117 1043 2184 Sabinum
1073 2123 1106 2184 et

89 2203 257 2290 Cassium,
281 2207 336 2291 qui
359 2205 622 2271 ratihabitionem
645 2207 797 2272 mandato
822 2212 1019 2294 comparant.

487 2399 585 2468 Erupit
601 2401 713 2455 raediti.

182 2509 234 2574 31.
263 2506 301 2572 D.
317 2509 367 2592 18,
382 2508 412 2593 5,
427 2509 456 2574 6.
497 2508 619 2573 Paulus
639 2507 724 2573 libro
744 2510 884 2574 secundo
904 2509 943 2574 ad
962 2508 1102 2573 edictum

86 2593 139 2684 (P.
156 2595 249 2684 102).
271 2633 314 2643 —
339 2595 374 2663 si
401 2596 567 2676 convenit,
593 2599 630 2660 ut
657 2618 708 2661 res
732 2617 814 2681 quae
837 2599 940 2678 venit,
968 2597 995 2661 si
1017 2597 1104 2661 intra

85 2691 219 2750 certum
238 2691 365 2770 tempus
380 2685 608 2770 displicuisset,
626 2685 821 2769 redderetur,
840 2689 1002 2770 exempto
1018 2685 1102 2751 actio

84 2779 152 2859 est,
177 2780 216 2838 ut
238 2772 377 2841 Sabinus
401 2780 504 2859 putat.

181 2864 233 2929 32.
257 2863 297 2928 D.
307 2865 338 2948 2,
349 2866 400 2948 14,
412 2864 462 2948 17,
473 2864 502 2928 5.
543 2862 665 2928 Paulus
683 2863 768 2927 libro
787 2861 884 2928 tertio
903 2863 943 2927 ad
963 2862 1102 2928 edictum

82 2950 137 3041 (P.
149 2951 254 3038 127⁸).
276 2988 313 2999 —
335 2951 469 3017 Pactum
488 2955 683 3017 conventum
703 2974 775 3017 cum
795 2952 962 3017 venditore
980 2951 1102 3017 factum

166 3041 343 3106 secundum
371 3039 537 3107 Sabini..
561 3040 755 3106 sententiam
788 3042 886 3106 etiam
914 3041 942 3105 si
969 3041 1004 3105 in
1031 3062 1103 3125 per-

84 3151 207 3196 sonam
240 3134 430 3214 conceptum
463 3133 525 3214 est,
557 3135 590 3194 et
619 3131 655 3193 iu
688 3134 865 3213 emptorem
893 3131 992 3195 valet:
1024 3130 1103 3214 quin

77 3215 259 3303 prodesse²
290 3220 456 3285 existimat
487 3223 520 3283 et
552 3218 580 3282 si
611 3240 669 3302 per
701 3218 910 3284 donationem
942 3219 1102 3284 successio

80 3309 177 3374 facta
202 3307 255 3372 sit.

159 3489 174 3536 1
197 3482 245 3540 Π.
263 3483 363 3552 putare
382 3498 411 3536 se
431 3481 506 3550 quod
526 3480 645 3537 Sabinus
664 3481 763 3538 scribit
781 3483 884 3538 debere
903 3499 930 3537 a.

158 3561 177 3609 2
199 3553 248 3610 ΡΖ.
268 3554 317 3622 qui
335 3555 389 3609 boe
407 3569 477 3609 esse.
