2508 3896
359 171 384 219 2.
407 163 590 220 MASURIUS
610 164 764 220 SABINUS
1001 164 1068 229 525

62 375 97 390 ..
125 331 259 390 omnibus
287 323 340 407 (sc.
366 324 559 414 actionibus),
591 351 628 391 ex
656 333 763 409 quibus
791 334 949 393 damnatus
975 352 1067 394 6666-

62 419 186 496 quisque
209 420 372 498 ignominia
394 423 524 497 notatur,
548 441 615 480 eum
639 421 692 498 qui
713 422 780 497 plus
804 441 894 498 quam
916 425 1068 497 oporteret

62 508 321 585 demonstraverit,
349 510 434 568 litem
461 508 598 588 perdere,
625 509 720 570 veluti
746 555 774 570 ..
798 511 824 568 si
846 511 872 568 is
895 511 943 570 cui
965 529 1066 588 pugno

61 599 139 656 mala
171 616 312 673 percussa
343 601 401 674 666,
432 598 464 658 16
495 599 611 658 6661666
642 598 821 658 iniuriarum
852 599 944 658 etiam
975 596 1067 658 aliam

60 689 175 760 partem
193 686 324 763 corporis
342 705 513 762 percussam
531 688 589 748 eibi
603 680 872 748 demonstraverit?
900 686 963 747 Gai.
975 692 1004 764 4,
1016 691 1066 750 60.

353 900 400 959 Dc
421 901 573 960 acauttbas
595 901 774 960 actionibus?

147 1023 192 1082 De
206 1023 363 1083 noxalibus
378 1024 544 1084 actionibus
560 1024 698 1084 dixerunt
712 1023 744 1095 Q.
759 1024 882 1102 Mucius,
899 1027 934 1083 ut
946 1025 1067 1084 ridetur

61 1107 133 1188 (lp.
156 1107 227 1194 88),
255 1111 377 1172 Servius
406 1109 448 1190 (p.
469 1115 545 1192 216,
573 1132 631 1190 666
658 1114 723 1172 1666
751 1133 850 1172 errore
878 1107 926 1172 ‘de
949 1113 1066 1172 iudiciis

60 1195 197 1276 publicis'
216 1201 360 1277 scriptum
378 1195 447 1282 666),
465 1201 591 1261 Alfenus
607 1193 748 1282 (6328),
765 1201 867 1262 Labeo
883 1193 965 1282 (Hp.
978 1194 1066 1279 123),

60 1287 90 1347 16
114 1290 262 1350 librorum
285 1290 322 1348 ad
346 1289 415 1349 Sub.
438 1289 616 1368 fragmentis·
638 1291 740 1366 Pomp.
762 1292 837 1369 664,
865 1290 949 1349 Paul.
972 1293 1065 1364 1792,

58 1377 126 1456 'Ulp
141 1380 250 1439 28681.

147 1462 206 1525 ‘Ex
232 1467 384 1526 maleficiis
411 1467 540 1526 filiorum
566 1467 695 1527 familias
719 1486 943 1546 servorumque,
970 1469 1067 1529 veluti

60 1555 86 1615 si
120 1557 236 1616 furtum
271 1556 397 1616 fecerint
433 1560 486 1616 666
521 1555 659 1614 iniuriam
692 1557 907 1635 commiserint,
943 1559 1065 1618 noxales

61 1645 192 1706 66616666
214 1645 350 1720 proditae
373 1646 451 1722 6666,
474 1645 520 1703 661
537 1645 641 1704 liceret
658 1645 739 1721 patri
756 1644 913 1706 dominove
932 1650 986 1706 666
1002 1647 1065 1707 11616

58 1734 296 1793 aestimationem
310 1735 432 1793 sufferre
446 1737 500 1793 666
513 1753 606 1793 noxae
620 1732 735 1794 dedere.
768 1737 984 1794 ..constitutae
995 1739 1065 1795 sunt

59 1825 161 1882 autern
187 1823 308 1882 noxales
337 1824 467 1883 actiones
495 1823 688 1900 6661661166
711 1825 765 1882 666
787 1823 882 1882 edicto
904 1825 1066 1899 praetoris:

17 1959 20 1968 .
59 1911 190 1990 legibus,
216 1913 300 1972 velut
326 1911 401 1971 furti
427 1912 493 1989 lege
516 1911 575 1970 XII
602 1912 785 1989 tabularum,
813 1911 913 1970 damni
939 1912 1065 1971 iniuriae

60 2000 125 2077 lege
144 1993 286 2076 Aquilia?
316 1999 419 2078 (1614,
431 2001 481 2060 15.
494 2002 542 2060 16,
576 1994 674 2076 ‘quem
692 2005 778 2076 peter
796 2019 833 2060 ex
850 2001 950 2059 noxali
968 2019 1065 2078 causa,

59 2090 154 2148 veluti
186 2089 266 2164 quod
296 2089 370 2148 furti
402 2089 465 2149 6166
496 2090 613 2150 nomine
643 2089 802 2149 damnatus
830 2093 888 2165 est,
919 2091 1065 2166 mancipio

59 2178 156 2237 actori
174 2175 276 2237 dedit.
292 2179 391 2237 .hunc
410 2180 494 2238 actor
510 2197 565 2253 pro
583 2178 708 2253 pecunia
726 2171 838 2238 habet'
869 2178 932 2238 Gai.
950 2182 1066 2258 1,140.

151 2278 225 2343 136.
256 2277 295 2344 D.
314 2279 368 2362 41,
385 2280 415 2363 2,
435 2280 486 2362 11,
505 2280 534 2344 2.
579 2278 738 2364 Ulpianus
766 2281 848 2345 libro
874 2281 1065 2364 trigensimc

61 2388 148 2432 6666
173 2367 212 2431 ad
235 2364 389 2432 Sabinum
413 2365 462 2453 (P.
477 2364 588 2454 2735).
612 2404 653 2414 -
677 2365 758 2432 (lum
778 2419 806 2432 ..
826 2390 949 2453 servus,
973 2391 1067 2453 quern

63 2457 128 2520 emi
151 2455 351 2539 traditusque
374 2456 454 2520 mihi
478 2459 540 2541 est,
568 2479 586 2520 a
610 2476 660 2519 me
682 2456 903 2542 redhibeatur,
930 2460 1068 2522 nonest

59 2543 94 2608 16
132 2565 171 2608 66
204 2565 313 2629 66666,
348 2547 385 2608 66
417 2544 549 2626 perinde
581 2543 751 2622 habeatur,
788 2548 884 2629 atque
917 2546 945 2609 si
977 2567 1067 2610 meus

60 2653 237 2717 numquam
264 2634 391 2716 fuisset,
419 2632 473 2696 sed
502 2631 621 2696 661616
644 2637 676 2696 66
699 2632 804 2698 desiit.
847 2633 965 2698 idcirco
989 2633 1068 2697 dicit

61 2720 200 2786 Sabinus
219 2744 301 2805 eum,
325 2723 352 2786 si
370 2721 493 2785 furtum
512 2720 597 2804 fecit,
614 2721 648 2786 iu
668 2742 705 2785 66
723 2743 792 2785 6666
811 2743 916 2805 causa,
934 2724 971 2786 66
987 2721 1067 2786 furti

59 2810 129 2876 6166
154 2811 284 2875 nomine
307 2810 335 2875 16
359 2810 414 2894 661
436 2809 599 2875 redhibuit
622 2830 717 2894 agere
740 2832 807 2876 666
827 2811 940 2894 666616

153 2900 225 2965 131.
259 2897 328 2963 Gai.
343 2900 373 2985 4,
388 2899 437 2964 18.
465 2935 502 2945 -
530 2947 561 2963 ..
590 2899 618 2963 si
644 2899 730 2964 filius
758 2901 845 2982 patri
872 2904 929 2962 aut
956 2919 1064 2963 servus

59 2987 191 3054 domino
223 3009 341 3052 noxam
371 2987 578 3069 commiserit,
608 2989 698 3052 66116
726 2989 809 3054 66616
836 2988 979 3053 nascitur

62 3075 199 3161 ideoque
223 3082 256 3142 66
274 3076 302 3140 61
321 3077 356 3140 16
374 3077 510 3140 alienam
529 3080 724 3162 potestatem
742 3077 924 3160 pervenerit
942 3080 999 3141 666
1017 3077 1068 3140 661

60 3165 141 3230 iuris
174 3187 242 3229 6666
276 3165 428 3249 coeperit,
459 3186 562 3249 66666
594 3187 665 3230 cum
697 3166 769 3247 ipso
799 3187 901 3249 66666
929 3187 1001 3230 cum
1029 3187 1066 3230 66

58 3254 153 3318 66166
179 3275 263 3319 6666
290 3254 325 3317 16
351 3255 511 3338 potestate
539 3257 602 3336 666,
629 3253 683 3339 agi
706 3257 822 3337 potest.
868 3254 950 3318 unde
974 3276 1067 3338 6666-

59 3341 154 3420 fitur,
173 3343 201 3408 si
220 3343 343 3408 alienus
362 3365 471 3408 servus
490 3341 616 3407 filiusve
634 3363 752 3407 noxam
767 3342 965 3408 commiserit
978 3342 1066 3426 mihi,

59 3436 95 3494 et
126 3431 155 3495 16
188 3437 300 3515 666666
326 3433 359 3495 16
386 3454 466 3496 mea·
485 3452 555 3496 esse
582 3432 725 3515 coeperit
751 3435 926 3516 potestate,
957 3438 1064 3496 utrum

59 3518 235 3585 intercidat
252 3521 335 3586 actio
355 3543 396 3586 66
415 3521 567 3605 66166666
606 3522 710 3586 nostri
728 3523 949 3607 praeceptores
968 3523 1066 3587 inter·

1160 3686 1214 3700 Δ
