2568 3890
174 161 240 227 214
276 161 296 216 1.
320 159 475 216 necans
493 159 651 218 nuceam
670 162 716 216 an
734 160 868 216 umanu
886 161 981 218 rums
1002 161 1187 217 consumi
1264 141 1265 144 ‘

177 346 256 410 pore
279 324 390 407 possit.
427 325 537 408 itaque
562 325 589 388 si
612 345 650 388 ea
671 325 785 390 domus
804 346 843 389 ex
861 325 1007 390 kalendis
1025 324 1186 391 Ianuariis

176 413 261 477 fulta
297 413 330 478 in
366 413 520 478 kalendas
553 413 653 478 Iulios
689 415 933 498 permansisset,
969 415 1017 479 ita
1054 419 1091 481 ut
1127 436 1186 480 neo

175 501 323 565 habitare
353 502 523 586 quisquam
552 524 611 566 nec
639 502 808 567 ostendere
831 503 927 568 alicui
949 505 1074 588 posset,
1102 503 1184 569 nihil

176 589 312 655 locatori
336 590 560 655 conductorem
589 595 838 675 praestaturum,
867 591 945 656 adeo
970 597 1006 656 ut
1028 613 1088 657 nec
1113 593 1186 677 cogi

175 678 304 766 quidem
331 683 441 764 posset
469 701 506 743 ex
533 679 680 744 kalendis
707 680 798 744 Iuliis
827 680 946 745 refecta
976 679 1072 746 domu
1097 681 1187 746 habi·

175 777 245 832 tare
265 768 342 849 [nisi
362 768 389 831 si
407 774 538 851 paratus
557 769 672 832 fuisset
690 769 813 834 locator
832 769 1034 834 commodam
1053 770 1186 835 domum

174 857 203 921 ei
229 857 268 921 ad
292 856 505 922 habitandum
528 856 649 940 derel}

265 946 338 1012 148.
370 945 409 1010 D.
426 944 476 1029 19,
491 947 522 1028 2,
535 947 577 1010 28
588 968 635 1030 pr.
686 945 794 1011 Labeo
822 947 905 1012 libro
934 951 1049 1032 quarto
1077 951 1187 1031 poste·

175 1035 298 1100 riorum
318 1034 567 1120 epitomatorum
588 1057 607 1099 a
625 1034 787 1100 Iauoleno.
803 1071 839 1082 -
862 1036 953 1113 Quod
973 1036 1002 1100 si
1020 1036 1108 1101 domi
1127 1037 1186 1100 ha-

176 1123 332 1188 bitatione
361 1123 537 1187 conductor
564 1144 664 1207 aeque
686 1145 764 1187 usus
787 1123 918 1207 fuisset,
940 1123 1062 1207 portis¹
1085 1125 1184 1189 etiam

177 1213 245 1276 eius
260 1211 374 1277 domus
390 1212 577 1294 mercedem,
592 1234 673 1296 quae
684 1214 796 1277 vitium
810 1212 949 1297 fecisset,
964 1213 1073 1278 deberi
1082 1218 1185 1296 putat.

264 1300 337 1365 149.
360 1298 399 1364 D.
414 1299 489 1364 ibid.
503 1300 563 1381 §2
577 1338 620 1348 -
635 1301 724 1366 Idem
742 1301 821 1366 iuris
841 1324 920 1387 esse,
939 1302 967 1367 si
985 1305 1184 1387 potestatem

174 1389 371 1454 conducendi
394 1389 547 1473 habebat,
569 1393 607 1454 ut
628 1387 675 1454 ei²
694 1390 833 1473 pretium
852 1391 1073 1457 conductionis
1092 1412 1184 1476 prae-

176 1481 286 1542 staret.
333 1478 388 1542 sed
418 1479 446 1542 si
473 1479 598 1543 locator
626 1479 813 1543 conductori
840 1484 1035 1565 potestatem
1064 1479 1184 1545 condu-

174 1567 292 1630 cendae
317 1567 431 1631 domus
453 1589 520 1632 non
543 1566 674 1632 fecisset
698 1571 730 1632 et
749 1569 827 1632 isin
847 1591 909 1653 qua
928 1568 1093 1633 habitaret
1111 1589 1186 1633 oon-

173 1655 327 1739 duxisset,
349 1659 479 1720 tantum
503 1657 533 1719 ei
555 1658 785 1740 praestandum
809 1661 911 1741 putat,
935 1661 1092 1742 quantum
1113 1657 1183 1722 sine

174 1743 248 1809 dolo
273 1743 360 1809 malo
384 1745 609 1828 praestitisset.
650 1749 789 1811 ceterum
814 1746 841 1809 si
859 1746 1036 1830 gratuitam
1055 1745 1180 1811 habita-

171 1831 293 1896 tionem
316 1833 499 1918 habuisset,
528 1856 586 1919 pro
611 1833 758 1918 portione
781 1836 935 1918 temporis
959 1856 997 1898 ex
1020 1836 1182 1900 locatione

173 1921 286 1986 domus
311 1921 531 1987 deducendum
554 1945 634 1988 esse.

503 2105 550 2163 Dc
573 2107 684 2165 belioco
707 2107 851 2166 conducto.

265 2221 337 2288 150.
369 2221 409 2286 D.
426 2223 476 2306 19,
491 2225 520 2307 2,
534 2223 587 2308 58,
600 2225 630 2288 2.
670 2223 779 2288 Labeo
804 2224 887 2289 libro
912 2227 1026 2309 quarto
1046 2225 1182 2306 posteri-

176 2331 269 2374 orum
293 2333 312 2374 a
335 2310 489 2377 Iavoleno
519 2313 777 2396 epitomatorem.
801 2350 839 2360 —
870 2314 1003 2394 Quidam
1026 2313 1059 2377 iu
1082 2315 1182 2378 muni-

173 2400 252 2481 opio
292 2399 447 2464 balineum
482 2403 705 2484 praestandum
744 2403 860 2467 annuis
898 2402 967 2468 XX
1001 2399 1181 2467 cummum³

172 2489 359 2554 conduxerat
389 2495 417 2554 et
446 2491 490 2556 od
514 2490 704 2571 refectionem
727 2490 865 2571 fundos
890 2491 1067 2573 fistularum
1096 2492 1182 2556 simi

172 2577 307 2660 licumque
337 2599 442 2644 rerum
469 2578 496 2644 0
519 2577 699 2644 nummum*
726 2586 761 2644 od
781 2585 1014 2662 praestarentur
1040 2581 1082 2665 ci,
1113 2601 1181 2646 cou-

174 2673 304 2732 ocoerat.
350 2671 511 2746 conductor
535 2667 563 2733 0
584 2667 765 2733 cummum⁵
789 2670 912 2751 petebat.
957 2670 1002 2734 ito
1028 2669 1057 2733 ci
1083 2669 1182 2734 deberi

170 2757 246 2837 dico,
276 2759 305 2821 si
327 2758 361 2821 iu
384 2778 493 2822 eorum
514 2779 617 2822 rerum
639 2758 829 2839 refectionem
851 2780 919 2824 eom
936 2759 1102 2844 pausatam
1125 2761 1182 2823 im-

166 2847 265 2927 pendi
286 2847 459 2911 scinderet.

541 2949 585 3004 Dc
601 2949 697 3004 horreo
715 2951 810 3004 locato.

263 3040 335 3106 151.
372 3040 413 3107 D.
434 3041 483 3124 19,
502 3043 532 3124 2,
552 3041 604 3126 60,
622 3042 650 3106 6.
704 3039 812 3105 Labeo
848 3041 1064 3124 posteriorum
1097 3044 1181 3108 libro

173 3130 285 3212 quinto
319 3153 338 3195 a
369 3129 524 3195 Ievoleuo
557 3130 815 3212 epitomatorum.
846 3166 889 3176 -
918 3131 1050 3196 Locotor
1080 3131 1183 3198 horrei

166 3220 361 3301 propositum
388 3219 496 3284 hahuit
519 3239 550 3284 se
572 3239 687 3284 aarum
709 3225 869 3301 arpentum
890 3221 1098 3304 morporitom
1120 3241 1183 3286 uon

171 3308 303 3387 recipcre
324 3329 380 3374 suo
396 3309 551 3390 poiculm
581 3309 688 3373 deiude
709 3329 778 3372 urm
799 3310 891 3374 sciret
910 3308 968 3374 bos
989 3329 1039 3375 res
1061 3310 1183 3393 inferri,

244 3465 259 3513 1
289 3462 339 3518 Fr.
368 3466 582 3532 praestaturum.
660 3471 675 3518 2
705 3464 780 3519 Trio.
808 3464 859 3520 uti.
931 3471 947 3519 3
978 3466 1053 3521 Trio.
1079 3465 1183 3536 viginti

170 3530 302 3585 nummis.
359 3539 376 3587 4
397 3534 472 3592 Trio.
491 3538 603 3590 centum
620 3535 736 3590 nummi.
791 3540 807 3589 5
828 3536 904 3592 Trib.
918 3538 1031 3592 centnm
1045 3554 1182 3594 nummos.
