2580 3888
153 134 218 198 302
255 135 276 189 1.
301 131 453 188 Anrnrls
473 131 631 188 AUGUSTI
648 135 695 188 ET
714 133 849 188 TIBERII
867 132 963 189 IURIS
983 133 1164 190 CONSULTI

154 303 270 362 Iuliano
290 295 340 383 (D.
358 304 539 378 15,1,11,3
562 296 606 361 ‘et
623 302 767 361 Neratius
786 304 817 361 et
835 301 936 362 Nerva
954 305 1071 379 putant,
1091 303 1166 362 item

153 391 288 450 Iulianus
302 438 309 451 .
324 435 354 452 ..
370 385 509 470 scribit'),
532 390 662 467 Ulpiano
684 382 734 472 (D.
752 393 802 468 10,
817 393 847 466 3,
862 393 889 465 6,
906 385 1061 452 31116166
1083 396 1165 452 recte

153 473 325 538 existimat'.
381 480 416 538 D.
438 482 652 557 12,1,11pr.
687 474 773 538 ‘mihi
804 480 924 541 videtur
955 479 1073 540 Nervae
1105 481 1165 540 dis·

153 568 258 628 tinctio
277 563 452 629 verissima'.
487 568 521 626 D.
532 570 584 646 43,
595 570 624 645 8,
636 572 664 644 2,
676 571 716 629 28
737 563 849 628 ‘Labeo
869 568 974 628 scribit
993 616 999 629 .
1015 614 1043 629 ..
1062 568 1166 630 Nerva

153 659 254 716 autem
272 658 379 717 melius
399 649 514 717 scribit'
532 657 569 719 D.
585 659 636 730 33,
653 652 843 735 1,14‘Mela
861 657 913 734 ait,
932 658 984 717 sod
1003 662 1048 717 664
1065 659 1167 718 verior

152 745 270 806 Nervae
294 741 464 806 sententia'.
509 747 545 805 D.
560 749 610 822 43,
627 748 677 824 24,
694 747 722 824 3,
737 749 758 805 4
781 741 893 806 ‘Nerva
916 746 1020 806 scribit
1039 793 1045 806 .
1061 792 1067 806 .
1083 793 1089 806 .
1108 747 1165 807 hoc

152 834 196 896 146
214 854 319 895 verum
338 838 392 913 664,
412 835 435 894 61
455 828 535 894 non'.
571 835 606 892 D.
623 837 673 912 12,
690 840 718 913 1,
734 838 763 911 9,
779 838 796 894 9
818 829 930 896 ‘Nerva
946 835 1094 895 Proculus
1112 880 1120 895 .
1135 882 1163 895 ..

152 925 250 996 aiunt,
281 927 312 984 64
340 927 386 984 664
410 915 534 998 verum',
561 923 597 981 D.
613 925 664 1001 32,
680 926 765 1001 52,7
791 918 1166 1002 ε616666466116666614.

152 1012 188 1072 D.
203 1015 254 1086 44,
269 1016 299 1091 4,
314 1014 377 1086 4,8
407 1007 518 1072 ‘exstat
545 1013 662 1072 Nervae
695 1016 726 1072 et
752 1011 889 1072 Atilicini
917 1013 1065 1072 sententia
1089 1057 1095 1070 .
1116 1059 1122 1072 .
1143 1060 1164 1091 .,

152 1102 203 1161 sed
234 1106 280 1162 est
306 1102 407 1162 verius
430 1094 522 1181 ...'),
554 1101 649 1160 Paulo
679 1098 728 1179 (D.
749 1104 921 1179 18,1,1,1
957 1095 1098 1160 ‘Sabinus
1133 1106 1165 1162 64

152 1189 272 1250 Cassius
291 1235 297 1246 .
314 1235 321 1249 .
337 1237 343 1250 .
361 1193 472 1266 664664
562 1190 613 1249 sed
640 1191 739 1250 verior
769 1194 815 1249 est
841 1191 958 1250 Nervae
986 1194 1017 1250 64
1042 1191 1165 1251 Proculi

151 1273 320 1340 sententia'.
360 1279 398 1338 D.
414 1281 465 1355 24,
481 1284 509 1355 1,
524 1281 609 1352 36,1
635 1272 769 1355 ‘quidam
792 1283 823 1338 64
845 1280 947 1340 Nerva
968 1283 1079 1356 putant
1101 1323 1164 1358 ...,

152 1387 242 1445 quam
266 1368 445 1428 sententiam
469 1387 571 1430 veram
595 1386 659 1427 6666
683 1359 818 1450 accepi').

535 1582 559 1641 I.
588 1582 782 1657 Responsa.
885 1635 888 1640 .

239 1697 285 1756 116
306 1700 426 1757 tantum
446 1699 554 1775 recepi,
577 1716 653 1774 quae
673 1696 783 1756 diserte
801 1715 943 1774 responsa
961 1697 1163 1777 nominantur,

151 1805 332 1864 quamquam
356 1789 386 1846 64
409 1787 486 1846 61166
509 1788 675 1847 6664664166
698 1786 785 1845 166116
810 1785 942 1845 eiusdem
961 1787 1078 1865 generis
1098 1805 1161 1847 6666

150 1876 285 1950 6666664.
329 1895 390 1935 666
417 1876 454 1935 ab
482 1875 548 1951 1666
571 1876 685 1948 Nerva,
713 1875 765 1935 sed
792 1877 861 1951 6664
887 1875 951 1934 6166
974 1877 1101 1935 mortem
1124 1877 1161 1936 ab

150 1963 254 2040 amico,
278 1964 407 2024 fortasse
425 1963 577 2040 Atilicino,
602 1982 744 2040 responsa
766 1963 797 2023 in
820 1964 913 2024 libros
937 1963 1060 2024 redacta
1082 1967 1160 2045 sunt.
1269 2028 1273 2032 ,

584 2140 632 2200 De
655 2142 725 2200 dote.

240 2251 268 2314 1.
287 2249 325 2315 D.
339 2250 389 2332 12,
398 2250 429 2330 4,
440 2251 510 2333 lpr.
540 2250 686 2314 Iulianus
702 2249 784 2314 libro
800 2255 891 2315 sexto
906 2251 1030 2316 decimo
1044 2250 1160 2335 Diges-

149 2341 256 2402 torum
284 2336 331 2424 (P.
354 2335 442 2424 266).
472 2375 513 2384 -
542 2337 605 2414 Qui
633 2361 667 2403 66
696 2338 810 2402 debere
837 2339 1008 2425 pecuniam
1031 2340 1159 2405 mulieri

148 2427 301 2511 putabat,
337 2427 426 2491 iussu
464 2427 531 2492 6166
564 2428 648 2492 dotis
681 2427 809 2492 nomine
841 2428 992 2512 promisit
1025 2426 1158 2514 (6116141)

149 2537 268 2600 666666
301 2519 334 2580 64
361 2516 472 2603 solvit,
503 2519 636 2602 nuptiae
670 2515 782 2581 deinde
809 2538 873 2581 non
901 2518 1160 2585 intercesserunt.

149 2605 331 2693 quaesitum
356 2608 413 2689 est,
436 2613 543 2670 utrum
565 2608 634 2690 ipse
653 2609 760 2691 potest
778 2609 923 2690 repetere
942 2627 1012 2670 eam
1031 2606 1161 2691 pecuni-

147 2715 199 2758 am
224 2694 279 2779 qni
304 2693 451 2779 dedisset,
475 2717 516 2760 an
539 2695 661 2760 mulier.
701 2693 809 2759 Nerva
832 2695 1005 2760 Atilicinus
1028 2717 1159 2780 respon-

148 2782 278 2866 derunt,
312 2784 463 2867 quoniam
495 2787 644 2866 putasset
676 2784 802 2868 quidem
836 2783 950 2848 debere
982 2786 1158 2870 pecuniam,

149 2870 204 2935 sed
223 2873 409 2954 exceptione
429 2871 494 2936 doli
513 2872 591 2935 mali
608 2874 695 2937 tueri
712 2895 746 2938 66
761 2873 929 2956 664616664,
948 2874 1055 2955 ipsum
1069 2895 1158 2958 repe-

146 2961 296 3044 titurum3
329 2960 384 3024 sed
412 2960 454 3044 61,
482 2982 553 3024 cum
582 2961 679 3025 sciret
706 2982 740 3024 se
769 2961 849 3024 nihil
878 2962 1006 3026 mulieri
1033 2963 1158 3046 debere,

146 3049 351 3130 promisisset
365 3045 562 3135 (dixisset‘l),
575 3049 718 3114 mulieris
734 3072 803 3114 6666
818 3051 987 3134 actionem,
1005 3052 1157 3137 quoniam

146 3140 282 3220 pecunia
306 3139 345 3201 ad
370 3159 441 3202 eam
464 3141 648 3221 pertineret.

235 3227 265 3290 2.
292 3225 331 3290 D.
350 3226 403 3306 24,
417 3227 446 3310 3,
460 3225 562 3309 44pr.
608 3227 728 3292 Paulus
757 3228 840 3293 libro
867 3229 981 3313 quinto
1009 3229 1157 3306 Quaesti-

54 3313 66 3341 s
146 3334 245 3377 onum
269 3310 320 3400 (P.
336 3311 444 3402 1333).
465 3353 506 3362 -
526 3314 560 3381 Si
579 3338 669 3381 socer
692 3340 711 3381 a
730 3337 847 3402 genero
871 3317 964 3382 heres
986 3317 1157 3382 institutus

147 3400 262 3466 adierit
297 3403 523 3488 hereditatem,
566 3405 757 3490 quandoque
794 3410 922 3472 mortuo
956 3409 1047 3490 patre
1084 3428 1157 3472 cum

147 3488 263 3554 herede
296 3491 364 3555 eius
396 3492 497 3557 filiam
530 3498 567 3557 de
600 3492 675 3558 dote
705 3499 850 3559 acturam
878 3493 988 3559 Nerva
1015 3498 1047 3558 64
1076 3494 1176 3562 Oete·
