2550 3888
128 87 170 150 72
206 87 228 144 Ι.
252 85 406 140 AETATIS
427 85 585 142 AUGUSTI
609 86 656 140 ET
679 85 815 141 elenau
839 87 935 143 IURIS
959 86 1139 142 CONSULTI

128 258 237 332 agatur
264 254 300 314 de
327 253 419 313 fundo
445 249 667 332 mansipando'‚
689 256 725 313 ut
746 259 865 332 postea,
887 249 914 315 ¹si
936 255 1063 315 velimus
1086 274 1136 314 va·

128 363 215 404 auam
238 343 455 420 possessionem
468 343 563 403 nobis
585 343 666 402 tradi
689 375 740 403 -.

217 435 269 510 31.
306 442 345 508 D.
370 445 425 522 18,
450 451 483 529 1,
507 445 558 508 79.
617 443 788 509 Iavolenus
828 445 911 510 libro
949 446 1061 529 quinto
1100 467 1137 508 ex

129 531 362 618 posterioribus
381 533 551 598 Labeonis.
572 567 614 580 -
633 533 736 597 Fundi
759 538 886 617 partem
910 534 1075 598 dimidiam
1097 555 1139 596 ea

129 627 201 704 lege
220 622 401 704 vendidisti,
426 626 461 685 ut
482 626 606 704 emptor
629 622 763 686 alteram
786 627 921 708 partem,
944 644 1040 707 quam
1063 621 1139 685 reti·

42 735 46 743 ·
128 711 242 789 nebus,
270 711 362 775 annis
392 709 498 774 deeem
526 714 614 775 eerta
642 711 778 793 peeunia
805 713 840 775 in
866 733 967 776 annos
992 712 1138 797 singulos

130 800 322 876 conductam
345 798 473 864 habeat.
517 798 625 864 Labeo
649 803 687 878 et
704 798 877 864 Trebatius
899 803 1021 886 negant
1043 820 1141 885 posse

131 911 168 953 ex
192 887 323 954 vendito
348 888 411 971 agi,
436 890 472 951 ut
495 886 527 951 id
552 887 637 971 quod
661 889 847 953 convenerit
869 889 937 954 fiat.

77 976 80 984 ’
218 978 270 1043 32.
293 976 540 1060 Ι).18,1,’18Ρτ.
569 977 677 1041 Labeo
692 976 776 1041 libro
791 986 906 1062 quarto
922 978 1140 1061 posteriorum

31 1089 34 1095 ’
130 1090 149 1130 a
176 1067 328 1131 Iavoleno
356 1066 615 1148 epitomatorum.
638 1101 684 1150 ¹—
713 1065 855 1132 Fistuias
886 1069 1014 1150 eruptura¹
1043 1087 1141 1132 ueces-

128 1176 220 1222 sures
246 1157 283 1220 r’u
311 1155 370 1237 lepe
396 1154 513 1217 dietam
540 1159 614 1218 erud.
663 1154 876 1238 quaerebatur,
904 1177 947 1220 aa
974 1157 1144 1239 castelium,

129 1267 166 1310 ea
188 1266 247 1328 quo
269 1244 382 1320 fistulis
404 1263 487 1324 aqua
504 1243 670 1324 duceretur,
692 1245 848 1308 accederet.
883 1246 1025 1326 respondi
1043 1265 1141 1328 appa

129 1356 194 1399 rere
215 1335 251 1398 id
272 1337 375 1398 aetam
393 1351 462 1414 esse,
484 1336 521 1395 ab
537 1332 572 1397 id
587 1353 703 1413 quoque
722 1334 877 1417 accederet,
901 1334 968 1398 lieet
984 1335 1144 1418 sareptam

129 1444 192 1488 reon
208 1423 394 1500 ,continetur

467 1506 511 1560 De
528 1507 666 1576 menapia
684 1508 799 1562 vendito.

219 1609 271 1674 33.
302 1607 383 1674 Geli.
397 1607 429 1690 4,
444 1607 474 1689 2,
489 1607 518 1670 7.
543 1644 581 1653 -
607 1606 791 1672 Labeonem
814 1607 1017 1691 respondisse
1041 1609 1145 1694 aiunt,

130 1697 286 1763 rethiberi
309 1719 403 1780 posse
427 1694 635 1780 (eunuchum)
659 1697 751 1780 quasi
774 1698 969 1762 morbosum.

221 1805 369 1869 ‘Eunuchi
396 1807 523 1884 e‘Syria
545 1802 757 1885 Aegyptoque'
786 1827 804 1866 a
827 1807 966 1869 Cicerone
995 1806 1069 1868 orat
1090 1810 1145 1883 70,

132 1902 195 1960 232
223 1899 424 1958 nominantur.
469 1897 502 1955 in
529 1896 687 1955 iustiniani
713 1897 908 1972 Digestorum
935 1897 1021 1956 libris
1049 1916 1146 1956 eunu-

130 1992 253 2048 ehorum
279 2005 388 2045 nomen
416 2004 475 2044 non
501 1984 663 2061 reperitur,
692 1986 743 2043 sed
766 1989 885 2062 praeter
909 1986 1054 2062 spadones
1077 1989 1144 2045 tan·

131 2081 197 2136 tum
220 2066 442 2135 ‘castratorum’
467 2075 497 2132 et
521 2066 720 2132 ‘thlibiarum'
738 2075 787 2133 vel
806 2067 1005 2134 ‘thiasiarum'
1025 2067 1146 2155 (13.50,

134 2160 278 2242 lawe).
306 2164 338 2220 in
351 2159 631 2221 Iustiniani-Codice
646 2161 755 2221 titulus
766 2166 795 2240 4,
805 2165 846 2222 42
861 2167 908 2223 est
918 2157 965 2222 ‘de
976 2158 1142 2226 eunuehis’.

99 2327 101 2332 Ι
132 2253 314 2314 Octavianus
342 2253 499 2328 Augustus
526 2249 558 2308 in
586 2249 655 2308 orbe
679 2250 812 2311 Romano
840 2254 990 2312 eunuchos
1018 2253 1085 2311 fieri
1112 2255 1146 2311 et

130 2343 232 2402 venire
270 2340 391 2401 ridetur
426 2337 614 2414 prohibuisse
651 2329 702 2420 (ef.
740 2340 971 2418 Zimmermann‚
1006 2341 1145 2417 Ephesos

131 2431 160 2490 S.
186 2433 249 2491 106
261 2420 310 2511 1.),
341 2427 421 2492 unde
448 2426 596 2486 Labeonis
624 2427 660 2486 de
689 2446 773 2488 servo
804 2429 940 2489 eunucho
968 2448 1144 2506 responsum

131 2522 201 2581 ante
224 2515 301 2578 illud
323 2522 441 2593 tempus
464 2517 568 2576 datum
591 2534 654 2591 esse
679 2517 875 2594 cognoscitur.

153 2643 154 2648 ’
221 2630 273 2696 34.
306 2627 384 2694 Gall.
407 2626 571 2707 ibides.
594 2664 638 2673 -
661 2626 710 2692 De
738 2628 839 2692 sterili
864 2629 1085 2712 muliere,
1114 2629 1143 2694 si

133 2720 244 2785 nativa
266 2717 436 2783 sterilitate
461 2718 514 2800 sit,
536 2715 725 2780 Trebatium
750 2721 862 2781 eontra
885 2716 1069 2783 Labeonem
1093 2740 1143 2782 re·

134 2808 301 2893 spondisse
320 2807 439 2870 dieunt.
475 2825 551 2867 narn
571 2825 642 2868 oum
661 2805 819 2870 rethiberi·
835 2826 904 2869 earn
920 2804 1031 2870 Labeo
1050 2807 1157 2891 quasi.

90 2933 92 2936 ·
134 2899 239 2962 minus
268 2916 381 2959 sanam
414 2897 574 2976 putasset,
602 2913 737 2977 negasse
771 2893 860 2958 aiunt
888 2894 1077 2963 Trebatium
1101 2919 1144 2980 ex

133 2986 237 3053 edicto
261 2983 315 3068 agi
337 3003 433 3066 posse

429 3147 477 3205 De
499 3148 636 3206 loeatieru
658 3148 847 3208 conductione.

509 3254 658 3340 Defende
677 3256 771 3310 locato.

225 3354 276 3420 35.
304 3353 344 3418 D.
355 3356 407 3436 39,
417 3355 446 3436 3,
461 3353 490 3419 b.
528 3354 645 3419 Paulus
665 3355 748 3420 libro
760 3348 1040 3441 'quadragensimo
1059 3378 1146 3423 nono

138 3442 178 3507 ad
207 3443 343 3507 edietum
368 3442 417 3524 (P.
431 3439 521 3530 633).
552 3480 589 3489 -
619 3443 654 3508 Si
677 3445 809 3510 colonus
833 3445 990 3510 insciente
1014 3445 1146 3512 domino
1260 3471 1261 3494 r
