2550 3888
414 112 438 159 7.
460 105 498 160 Μ,
517 103 711 160 ANTISTIUS
730 103 849 158 LABEO
1098 105 1138 167 71

123 267 234 352 qualia
267 266 460 348 vestimenta
492 271 567 352 post
598 268 772 332 divortium
804 272 927 350 essent,
959 267 1038 331 talia
1067 267 1138 332 uiro
1242 325 1244 329 ,

124 357 223 421 reddi.
266 356 352 420 idem
375 357 453 421 iuris
476 357 620 421 futurum
643 356 772 439 fuisset,
800 357 827 420 si
849 356 922 441 ipsa
944 356 1139 420 vestimenta

124 446 173 509 vir
205 445 339 510 emisset
373 450 406 510 et
441 445 542 510 servis
575 445 731 527 dedisset3
766 445 851 529 quod
883 446 912 508 si
943 445 1139 509 vestimenta

124 555 187 598 non
221 534 445 618 redderentur,
475 539 544 598 tum
571 534 677 598 virum
709 533 847 618 pretium
879 534 914 597 in
946 533 1019 598 dote
1051 555 1139 598 oom-

123 627 344 706 pausaturum.

547 726 595 785 De
616 727 712 786 tutelo.

212 837 266 902 27.
307 836 346 900 D.
365 837 422 921 26,
441 837 475 919 2,
494 836 547 900 33.
605 833 778 899 Iavolenus
820 835 903 898 libro
944 837 1057 898 ootaro
1099 856 1138 900 ex

7 915 8 918 ¹
123 925 358 1006 posterioribus
373 925 540 989 Labeonis.
558 961 603 971 -
622 922 797 988 Tutoribus
815 923 862 987 ita
881 922 965 986 datis
985 920 1136 987 ‘Lucium

123 1013 245 1078 Titium
282 1017 422 1078 tutorem
459 1012 509 1078 do,
568 1013 596 1076 si
627 1013 655 1076 is
687 1033 754 1076 non
787 1012 880 1095 vivit,
917 1015 987 1074 tum
1019 1009 1136 1076 Gaium

123 1100 289 1167 Plautium
312 1105 455 1166 tutorem
478 1100 530 1166 do'
554 1100 658 1166 Titius
681 1102 804 1165 vixerat
827 1104 860 1165 et
877 1100 1013 1164 tutelam
1031 1121 1138 1182 gesse-

122 1195 189 1273 rat,
218 1190 331 1255 deinde
360 1194 506 1255 mortuus
534 1193 611 1255 erat.
657 1189 834 1255 Trebatius
856 1191 955 1273 negat
978 1189 1018 1252 ad
1041 1187 1137 1253 Plau·

121 1279 207 1343 tium
228 1281 388 1364 pertinere
411 1279 557 1362 tutelam,
581 1278 688 1344 Labeo
712 1283 833 1342 eontra.

380 1470 428 1529 De
446 1473 625 1543 possessione
648 1475 674 1528 et
694 1473 877 1544 usuoapuouo.

99 1647 103 1654 .
212 1588 265 1652 28.
295 1587 335 1653 D.
348 1588 401 1672 41,
415 1590 444 1671 2,
459 1589 490 1673 3,
505 1590 555 1654 17.
601 1587 720 1652 Paulus
742 1588 825 1652 libro
845 1587 1148 1672 quinquagensimo*

120 1679 240 1761 quarto
265 1676 305 1740 ad
328 1678 465 1742 edietum
484 1673 532 1764 (P.
548 1674 649 1763 658⁰).
675 1711 714 1723 -
739 1676 846 1741 Labeo
870 1677 903 1740 et
921 1675 1029 1741 Nerva
1046 1677 1133 1742 filius

7 1791 8 1830 Τ
120 1765 359 1848 responderunt
382 1765 526 1831 desinere
550 1787 600 1829 me
624 1764 787 1850 possidere
811 1787 884 1829 eum
902 1765 1018 1849 locum,
1038 1787 1133 1850 quem

119 1855 242 1918 flumen
265 1857 322 1919 aut
344 1877 434 1919 mare
457 1855 668 1937 occupaverit.
721 1853 722 1856 ’

212 1942 264 2006 29.
296 1943 335 2007 Ι).
354 1943 411 2021 41,
430 1944 465 2027 3,
484 1943 565 2026 8pr.
614 1941 735 2007 Paulus
765 1941 849 2006 libro
877 1941 1065 2008 duodecimo
1093 1943 1133 2008 ad

120 2031 264 2096 edietum
287 2028 336 2116 (P.
351 2031 441 2115 232).
466 2067 503 2078 -
529 2029 637 2095 Labeo
656 2029 808 2096 Neratius
831 2031 1065 2116 responderunt
1086 2055 1134 2118 ea,

7 2155 9 2184 r
119 2141 204 2204 quae
223 2117 308 2184 servi
325 2121 529 2204 peculiariter
547 2121 657 2185 naneti
677 2124 760 2203 sunt,
784 2120 915 2204 usuoapi
933 2143 1038 2205 posse,
1056 2122 1135 2207 quia

7 2197 9 2260 ἶ
122 2209 205 2274 haee
228 2209 327 2273 etiam
350 2209 535 2294 ignorantes
559 2209 680 2273 domini
703 2211 904 2292 usucapiunt.

433 2401 480 2460 De
503 2404 641 2475 emptione
662 2403 826 2460 venditione.
889 2461 892 2466 .

485 2517 529 2572 De
547 2517 635 2584 suardo
653 2518 769 2572 vendito.

212 2625 263 2690 30.
296 2622 406 2706 D.18‚
423 2624 571 2709 1‚78,1·.
614 2623 722 2688 Labeo
750 2624 832 2688 libro
857 2628 971 2708 quarto
994 2628 1131 2709 posteri·
1220 2575 1223 2578 Ι

110 2737 215 2782 orum
248 2736 267 2776 a
300 2712 453 2778 Iauoleno
485 2714 744 2798 epitomatorum.
773 2748 815 2758 -
847 2713 998 2778 Fundam
1029 2715 1067 2777 ab
1099 2736 1132 2780 eo

7 2801 9 2842 ³
53 2809 58 2818 ’
120 2804 238 2887 emisti,
257 2803 346 2867 cuitus
363 2802 426 2884 filu·
437 2807 544 2884 postea
562 2802 688 2868 tutelam
705 2802 913 2886 administros,
931 2821 984 2867 aee
1002 2823 1132 2868 wmom

7 2893 9 2982 ξ
119 2891 265 2975 uoeepisti
281 2893 510 2974 possessiouem.
555 2893 624 2956 dixi
648 2893 766 2957 trudere
790 2896 817 2955 te
838 2892 895 2956 tibi
910 2895 1132 2974 possessiouem

7 2993 8 3058 T
119 2983 176 3048 boe
201 2981 292 3046 modo
313 3000 412 3064 posse,
441 2985 477 3044 at
497 2981 638 3063 pupillus
664 2986 692 3045 et
715 2981 843 3062 familia
865 2983 930 3046 eius
952 2982 1074 3046 decedo
1095 2982 1132 3045 de

7 3063 9 3150 ῗ
114 3071 231 3154 faudo,
254 3073 326 3142 tuae
347 3070 477 3170 <tertuum¹
491 3074 524 3133 tu
545 3070 732 3152 tupredioris
749 3072 978 3151 possessiouem.

211 3200 248 3258 of.
271 3197 308 3258 D.
328 3200 362 3277 8,
382 3201 413 3271 1,
434 3201 485 3258 20.
524 3197 684 3256 Iauolenus
707 3196 783 3256 libro
806 3197 834 3254 V
857 3217 892 3257 ex
915 3198 1131 3274 posterioribus

7 3323 9 3340 ·
119 3288 283 3351 Labeonis:
357 3288 442 3346 nulla
456 3287 520 3346 eius
533 3285 614 3344 modi
627 3285 702 3343 iuris
716 3303 810 3344 vacua
822 3287 998 3346 traditio...
1015 3283 1129 3346 Gai.IV

7 3407 9 3464 ἑ
123 3379 202 3438 131·
274 3376 301 3435 si
319 3376 404 3435 verbi
422 3375 521 3454 gratia
540 3394 575 3433 ex
594 3376 693 3450 empto
713 3391 845 3453 agamus,
863 3378 899 3433 ut
916 3374 1002 3434 nobis
1020 3376 1130 3436 fundus

120 3466 270 3542 mancipio
299 3465 399 3541 detur,
426 3464 567 3524 debemus
594 3463 650 3522 hoo
678 3461 765 3521 modo
787 3463 988 3539 praescribere
1012 3459 1060 3524 <ea
1081 3483 1129 3524 res
