2506 3880
117 125 181 190 164
217 124 238 180 Ι.
261 123 413 178 AETATIS
433 122 592 180 AUGUSTI
611 121 656 176 ET
676 121 811 177 Tlaaan
829 123 926 178 IUltlS
945 122 1132 179 CONSULTI

116 312 210 351 unum
233 309 339 367 corpus
363 291 550 351 confundere.
597 293 672 368 quae
696 309 763 349 cum
786 291 830 351 ita
852 291 921 368 sint,
947 290 1026 366 quod
1049 291 1128 350 duas

118 381 263 455 epitomas
287 398 305 438 a
327 379 467 440 Iavoleno
491 381 586 440 factas
610 380 743 439 extitisse
767 379 940 456 opinantur,
963 378 1127 439 difficultas

118 469 172 528 illa
194 467 277 527 nullo
301 468 388 528 modo
411 469 537 530 tollitur.
947 543 951 551 Ι

205 555 335 615 Aliunde
363 575 426 616 rem
454 557 599 634 explicare
627 574 786 634 aggressus
814 559 861 616 est
887 555 923 616 H.
948 555 1071 615 Pemice
1095 555 1128 615 in

118 645 317 704 Miscellaneis
353 665 381 721 p.
405 646 447 704 45
471 665 499 706 n.
529 647 591 705 bac
630 646 800 704 coniectura
829 645 1000 721 proposita:
1042 644 1128 723 „dass

120 734 172 792 das
196 733 280 792 Buch
307 752 364 794 von
394 735 466 794 zuei
489 733 710 810 Oompflatoren
739 734 902 810 excerpiert
926 732 1040 806 warde,
1067 753 1129 792 von

119 822 214 881 denen
229 821 282 880 der
296 823 360 882 cine
374 822 421 882 die
432 867 438 882 .
450 869 456 882 .
467 868 474 881 .
484 821 649 882 Ansichten
657 822 773 881 Labeos
787 825 874 882 unter
889 822 995 881 dessen
1009 821 1129 899 eignem
1146 844 1148 848 ·

118 911 234 970 Namen
266 930 323 969 nur
358 912 415 975 mit
445 911 569 988 Angabe
606 911 658 969 der
690 911 896 987 epitomierten
924 909 1028 980 Quelle
1059 930 1129 970 vor·

119 1001 229 1077 fdhrte,
252 998 393 1059 wahrend
416 1000 469 1059 der
492 1000 599 1059 andere
622 999 801 1077 umgekehrt
824 999 871 1058 die
891 997 1011 1076 Schrift,
1035 999 1130 1058 durch

118 1089 230 1149 welche
250 1087 302 1147 das
322 1087 415 1148 Werk
434 1089 525 1148 allein
543 1088 678 1147 erhalten
696 1107 767 1162 war,
787 1088 818 1146 in
838 1088 893 1147 den
911 1087 1129 1166 Vordergrund

120 1177 221 1238 stellte
239 1177 302 1236 und
321 1176 443 1236 deshalb
463 1179 536 1238 stete
554 1177 676 1237 Iavolen
696 1195 732 1234 ex
744 1175 964 1236 Postericribus
983 1171 1129 1236 citierte“.

120 1285 180 1344 qua
203 1265 373 1325 coniectura
396 1285 460 1324 eam
484 1265 520 1324 de
539 1285 599 1341 qna
617 1265 719 1342 agitur
736 1265 939 1340 quaestionem
958 1264 1033 1323 bene
1053 1264 1131 1325 solvi

120 1355 262 1414 facillime
286 1355 454 1431 concedent,
477 1355 646 1432 quicunque
666 1353 879 1413 Tribonianum
902 1356 1036 1414 veterum
1063 1372 1129 1414 sen-

120 1443 231 1503 tentias
267 1443 443 1519 proferendo
480 1443 592 1502 solidae
629 1442 782 1502 doctrinae
814 1441 944 1520 gloriam
973 1442 1130 1502 affectasse

122 1532 321 1592 consentiunt
367 1532 594 1607 compilatorum
620 1535 721 1590 autem
743 1548 847 1590 manus
870 1531 902 1590 in
924 1530 971 1589 his
993 1531 1131 1591 Iauoleni

121 1621 298 1698 fragmentis
326 1621 416 1681 etiam
444 1621 481 1679 ab
508 1621 569 1680 illis
603 1618 797 1697 scriptoribus
827 1622 1043 1696 agnoscuntur,
1077 1621 1132 1696 qui

121 1709 295 1769 Iauolenum
330 1710 404 1769 duas
434 1709 578 1784 epitomas
606 1709 710 1769 fecisse
738 1709 896 1768 coniciunt.
945 1709 981 1768 A.
1005 1707 1131 1767 Pernice

122 1818 152 1875 p.
172 1801 222 1858 79.
267 1797 537 1858 Karlowa1681.
583 1798 664 1857 Ioers
683 1798 702 1856 l.
722 1817 745 1858 c.
767 1817 795 1872 p.
816 1798 911 1857 2553.
956 1796 994 1856 ad
1020 1797 1131 1856 horum

124 1887 352 1962 compilatorum
378 1887 410 1946 in
440 1885 627 1946 conficiendis
650 1887 842 1964 Digestorum
869 1885 954 1946 libris
981 1886 1130 1945 rationem

124 1974 335 2033 illustrandam
357 1977 430 2034 haec
453 1975 622 2052 fragmenta
644 1973 770 2033 maxime
793 1973 901 2033 idonea
923 1976 1006 2034 sunt:

203 2107 247 2174 D·
263 2108 314 2182 23,
326 2107 355 2184 3,
366 2109 416 2167 80.
439 2105 599 2166 Iavolenus
741 2108 777 2165 D.
793 2109 843 2182 23,
855 2109 883 2183 3,
897 2108 947 2167 83.
970 2107 1130 2169 Iavolenus

122 2195 199 2254 libro
223 2197 305 2254 sexto
329 2213 365 2253 ex
383 2195 598 2271 posterioribus
652 2194 1131 2270 librosertoposteriorumLabe-

123 2283 278 2343 labeonis.
296 2313 334 2324 —
351 2282 383 2342 si
402 2282 519 2342 debitor
533 2303 598 2341 mu·
653 2285 726 2344 onis.
748 2315 785 2325 —
808 2283 839 2342 Si
860 2284 977 2344 debitor
994 2284 1130 2345 mulieris
1248 2285 1249 2292 ’

123 2371 206 2432 lieris
221 2371 320 2431 dotem
335 2389 442 2448 sponso
456 2371 598 2447 promise·
653 2372 752 2432 dotem
798 2391 905 2448 sponso
950 2373 1131 2450 promiserit,

121 2461 171 2537 rit,
193 2479 296 2536 posse
321 2460 508 2520 mulierem
530 2462 599 2520 ante
651 2480 720 2521 non
737 2459 840 2536 p'osse
858 2461 1045 2521 mulierem
1059 2465 1130 2521 ante

121 2550 242 2626 nuptias
265 2569 284 2608 a
307 2548 439 2610 debitore
462 2568 529 2608 eam
549 2568 599 2626 pe·
652 2549 772 2626 nuptias
796 2570 815 2609 a
837 2550 971 2610 debitore
994 2570 1059 2610 eam
1077 2570 1129 2628 pe-

122 2639 598 2716 cuniampeterenequeeono·
653 2639 771 2698 cuniam
802 2643 937 2717 petere,
974 2640 1058 2717 quia
1089 2659 1131 2699 ea

122 2728 200 2787 mine
224 2730 329 2804 postea
350 2727 515 2787 debitorem
534 2727 599 2787 viro
652 2727 845 2803 promissio
882 2728 918 2787 in
958 2728 1130 2805 pendenti

123 2816 289 2893 obligatum
309 2815 597 2874 futurumaitlra·
653 2819 762 2891 esset,
801 2815 910 2876 donee
947 2817 1129 2894 obligatio

122 2905 196 2964 beo.
251 2905 383 2963 falsum
415 2907 482 2979 est,
514 2902 598 2980 qnia
652 2903 687 2960 in
710 2922 750 2962 ea
773 2922 879 2964 causa
902 2909 964 2966 est.

124 2990 598 3070 eapromiseioinpendenti

123 3084 231 3155 esset,
246 3079 355 3141 donec
369 3079 548 3156 obligatio
562 3079 598 3137 in

124 3188 292 3230 eacausa
316 3172 377 3230 est.

212 3301 304 3362 Vides
324 3302 456 3361 eiusdem
473 3301 607 3364 lavoleni
625 3303 793 3380 fragmenti,
816 3323 875 3381 quo
894 3271 1040 3365 Labeonis
1062 3323 1128 3364 sen-

126 3389 222 3448 tentia
243 3394 314 3450 nota
337 3390 439 3450 addita
458 3391 659 3467 exhibebatur,
683 3391 793 3452 formas
812 3392 885 3452 duas
904 3410 1012 3470 easque
1032 3392 1129 3453 diver·

10 3536 11 3540 ,
127 3493 175 3534 sas
198 3479 336 3558 proponi,
364 3479 489 3539 alteram
513 3498 580 3539 curn
598 3479 738 3540 Iauoleno
759 3485 977 3559 congruentem,
1001 3482 1131 3543 alteram
