2506 3880
153 151 196 216 86
233 153 255 208 Ι.
277 151 432 206 AETATIS
456 150 613 207 AUGUSTI
635 150 682 205 ET
706 150 839 206 TIBUltlI
862 150 958 208 IURIS
981 149 1160 206 CONSULTI

153 319 261 399 staret,
283 313 519 399 conturbaverit,
543 314 681 380 dubitari
702 334 766 380 rore
788 319 913 396 oportet,
935 315 1026 399 quir,
1046 314 1077 380 si
1093 335 1166 398 per-

156 405 243 469 misit
264 405 292 470 ei
314 405 359 468 ito
382 404 455 468 dari
475 423 627 488 sommas,
650 405 744 470 noer·
765 403 876 469 debeat.

245 493 273 556 7.
306 492 345 557 D.
368 491 446 557 ibid.
468 495 488 573 ξ
508 493 557 557 10.
581 528 624 538 --
648 539 708 557 ...
731 513 801 558 cum
830 492 909 557 fullo
937 511 1071 576 peregre
1093 512 1167 574 pro·

154 580 299 646 ficisceus
336 587 497 665 rogasset,
528 584 565 645 ut
595 581 760 664 discipulis
792 581 874 661 suis,
911 580 1027 665 quibus
1059 580 1167 644 taber-

154 691 231 734 nam
266 670 458 734 instructam
493 669 682 752 tradiderat,
718 670 928 754 imperarent,
962 672 1038 753 post
1075 669 1166 734 cuius

154 758 386 841 profectionem
413 758 609 823 vestimenta
638 758 813 841 discipulus
846 757 1022 842 accepisset
1056 762 1089 822 et
1119 757 1166 822 lu·

155 847 269 931 gisset,
290 847 445 913 fullonem
473 868 540 912 non
566 848 682 930 teneri,
709 848 737 910 si
766 845 859 930 quasi
885 849 1076 930 procurator
1104 845 1168 910 fuit

154 936 297 1019 relictus3
322 937 371 1000 sin
394 958 470 1001 vero
494 937 587 1020 quasi
610 935 750 1017 institor,
773 934 877 999 teneri
901 956 982 999 eum.

483 1101 526 1160 De
549 1102 701 1160 trrbatorr‘o
723 1102 839 1162 artiore.

243 1203 272 1268 8.
300 1201 338 1266 D.
359 1201 409 1278 14,
423 1202 454 1284 4,
467 1202 498 1284 5,
514 1203 543 1266 7.
587 1199 746 1285 Ulpianus
769 1201 854 1267 libro
878 1199 1053 1266 vicensimo
1077 1222 1165 1266 nono

155 1291 195 1356 ad
225 1291 364 1356 edictum
393 1286 440 1377 (P.
465 1289 552 1375 841).
577 1293 766 1356 —est
792 1290 988 1375 quaesitum,
1015 1289 1166 1355 dominus
1243 1346 1244 1366 2

154 1385 262 1444 utrum
281 1379 327 1444 ita
346 1379 472 1444 demum
491 1379 650 1464 partietur
668 1401 707 1444 ex
724 1400 838 1462 merce,
857 1378 885 1444 si
904 1378 979 1462 quid
998 1379 1028 1443 ei
1049 1378 1165 1444 mercis
1243 1403 1244 1460 ,

153 1468 284 1534 nomine
303 1468 465 1550 debeatur,
484 1490 526 1532 an
544 1489 620 1533 vero
639 1471 673 1532 et
691 1469 718 1532 si
735 1490 775 1533 ex
788 1465 854 1532 alia
867 1488 974 1532 causa.
1005 1470 1039 1531 et
1052 1465 1164 1532 Labeo

155 1555 211 1641 ait,
234 1579 272 1621 ex
293 1578 493 1641 quacumque
511 1577 608 1622 causa
626 1557 655 1621 ei
674 1556 838 1638 debeatur,
859 1556 1013 1641 parvique
1032 1555 1165 1639 referre,
1199 1571 1203 1582 ’

155 1649 230 1710 ante
249 1667 386 1711 mercem
406 1667 447 1710 an
465 1650 579 1730 postea
598 1646 627 1712 ei
646 1645 760 1711 debere
779 1645 856 1729 quid
876 1666 987 1710 servus
1006 1645 1168 1729 coeperit3
1234 1685 1237 1694 ·

155 1733 302 1799 sufficere
325 1735 424 1816 enim,
454 1735 538 1818 quod
560 1734 768 1819 privilegium
790 1732 989 1798 deductionis
1011 1732 1163 1818 perdidit.
1244 1731 1245 1804 l

243 1824 272 1888 9.
305 1823 343 1890 D.
367 1819 443 1889 ibid.
465 1826 485 1905 ξ
506 1823 547 1889 13
570 1821 620 1910 (Ρ.
640 1824 727 1908 842).
754 1859 791 1870 -
818 1819 853 1887 Si
875 1827 1004 1906 praeter
1025 1842 1168 1886 mercem
1244 1837 1245 1882 1

156 1933 265 1977 servus
288 1912 351 1976 iste
373 1913 406 1977 iu
425 1913 593 1978 tabernam
615 1912 734 1977 habeat
756 1912 1016 1996 instrumentum,
1038 1931 1080 1975 au
1102 1910 1168 1977 hoc
1245 1935 1246 1962 r

155 2021 281 2084 quoque
304 2000 485 2066 tribuatur?
526 2005 559 2064 et
580 1999 689 2065 Labeo
712 2001 759 2065 ait
782 2004 815 2065 et
837 1999 899 2065 hoc
922 2000 1030 2065 tribui.

244 2087 294 2152 10.
317 2087 356 2152 D.
373 2090 423 2170 14,
437 2090 468 2166 4,
483 2090 512 2170 7,
526 2088 555 2152 4.
597 2087 757 2171 Ulpianus
776 2089 860 2154 libro
878 2088 1053 2153 vicensimo
1070 2109 1162 2154 nono

156 2176 196 2239 ad
219 2175 359 2240 edictum
381 2175 429 2264 (Ρ.
444 2176 533 2260 846).
555 2177 714 2241 -si
736 2177 904 2261 negaverit
927 2176 1075 2242 dominus
1098 2179 1170 2242 cui-

155 2285 253 2346 quam
276 2263 398 2347 deberi,
423 2264 596 2330 videndum
618 2265 693 2344 erit,
716 2287 758 2330 an
780 2264 973 2331 tributoriae
999 2265 1088 2330 locus
1114 2267 1171 2331 sit.

156 2358 189 2416 et
207 2357 257 2417 est
329 2353 489 2419 Labeonis
508 2354 668 2419 sententia
686 2353 892 2419 tributariam
911 2355 1017 2419 locum
1035 2352 1169 2422 habere.

246 2443 296 2507 11.
319 2441 357 2508 D.
376 2444 424 2526 14,
438 2444 470 2528 4,
483 2443 514 2522 9,
532 2443 563 2510 2.
598 2441 761 2527 Ulpianus
781 2443 865 2509 libro
883 2443 1057 2508 vicensimo
1076 2465 1169 2510 nono

155 2530 194 2594 ad
223 2530 362 2596 edictum
387 2529 436 2616 (Ρ.
456 2529 560 2617 8477).
585 2569 623 2580 -
649 2531 685 2598 Si
713 2553 805 2597 servo
832 2535 1028 2596 testamento
1055 2553 1170 2598 manu·

154 2619 253 2686 misso
275 2621 436 2706 peculium
459 2622 603 2708 legatum
631 2621 684 2706 sit,
706 2643 774 2686 non
797 2621 912 2686 debere
934 2619 1084 2686 heredem
1107 2624 1170 2686 tri·

154 2709 285 2775 butoria
312 2711 428 2795 teneri,
451 2711 545 2794 quasi
571 2732 674 2795 neque
698 2710 738 2775 ad
762 2732 834 2776 eum
856 2707 1038 2794 pervenerit
1059 2707 1169 2794 neque

156 2797 229 2863 dolo
252 2799 371 2882 fecerit,
393 2798 502 2864 Labeo
526 2798 580 2863 ait.

155 2947 253 3024 ‘Quod
271 2972 338 3013 cum
357 2972 391 3013 eo
410 2953 461 3030 qui
479 2953 510 3012 in
524 2953 622 3013 aliena
634 2955 784 3029 potestate
799 2955 854 3028 est,
872 2953 1027 3032 negotium
1040 2957 1166 3030 gestum
1245 2977 1246 3026 i

545 3060 610 3102 esse
634 3034 771 3103 dicetur?

246 3241 295 3305 12.
314 3239 352 3307 D.
366 3140 767 3325 15,1,3pr.1.D⁶['Jl⁶dld1⁰is
785 3240 868 3307 libro
883 3240 1057 3308 vicensimo
1076 3263 1168 3308 nono

157 3327 197 3390 ad
225 3329 364 3396 edictum
388 3325 438 3416 (P.
457 3326 562 3415 8501).
584 3366 627 3376 -
727 3328 835 3395 Labeo
864 3329 977 3395 scribit
1003 3333 1036 3394 et
1064 3331 1094 3395 si
1118 3354 1168 3397 se-

157 3415 258 3481 cundo
286 3420 424 3485 tertiove
446 3418 548 3504 gradu
572 3418 767 3484 substitutus
790 3418 835 3483 sit
857 3440 968 3483 servus
991 3423 1024 3483 et
1047 3418 1169 3486 delibe-

157 3505 304 3570 rantibus
323 3507 436 3590 primis
454 3507 627 3573 heredibus
646 3529 718 3573 eum
737 3529 775 3574 eo
794 3510 995 3573 contractum
1014 3507 1066 3591 sit,
1091 3531 1172 3575 mox
