2568 3890
138 155 203 218 224
240 154 261 208 I.
284 152 439 208 AETATIS
457 151 613 208 AUGUSTI
631 151 678 206 ET
698 151 833 208 TIBERII
852 151 949 207 rums
969 149 1148 206 CONSULTI

140 315 314 400 contineri,
342 337 408 379 non
437 315 542 380 solum
572 315 713 396 thecam,
746 336 827 399 quae
855 315 1023 378 anulorum
1052 335 1149 378 causa
1264 309 1266 376 l

138 407 254 488 parata
290 403 347 489 sit3
383 405 444 469 hoc
481 407 590 469 autem
626 426 664 468 ex
699 425 736 469 eo
773 403 947 487 coniectat,
984 402 1070 486 quod
1103 403 1149 466 ita
1265 413 1266 418 ’

139 493 332 577 proponitur
359 494 432 577 quis
460 494 599 576 legasse:
628 491 912 576 ‘dactyliothecam
935 513 1042 555 meam
1065 495 1098 555 et
1121 491 1149 556 si

140 603 220 665 quos
243 584 408 664 praeterea
427 583 540 647 anulos
559 579 685 666 habeo',
705 585 738 646 et
755 583 802 646 ita
820 581 1004 645 Labeonem
1023 601 1149 664 quoque

140 669 339 734 existimasse
363 671 416 736 ait

510 775 655 830 Decorato
674 774 777 846 legatia.
1265 831 1266 838 .

230 883 282 949 18.
312 882 352 949 D.
377 883 433 967 30,
452 884 494 949 36
511 906 558 966 pr.
617 881 815 965 Pomponius
855 882 939 947 libro
979 885 1071 948 sexto
1109 883 1149 948 ad
1265 919 1266 926 .

141 969 297 1036 Sabinum
325 970 375 1059 (P.
398 970 486 1057 496).
518 1009 555 1018 -
586 971 703 1035 ‘Titiae
735 963 877 1036 textores
909 993 998 1038 meos
1029 993 1150 1055 omnes,
1265 977 1266 980 ’

140 1063 366 1144 praeterquam
400 1082 480 1145 qnos
512 1061 574 1125 hoc
606 1063 801 1124 testamento
832 1059 888 1124 alii
915 1060 1035 1146 legavi,
1066 1061 1151 1144 lego.

140 1146 264 1213 Plotiae
297 1172 411 1214 vernas
444 1171 532 1213 meos
567 1170 690 1232 omnes,
723 1152 950 1232 praeterquam
984 1170 1064 1233 quos
1094 1149 1150 1214 alii
1264 1139 1266 1176 l

140 1237 258 1323 legavi,
280 1236 375 1319 lego'.
413 1259 485 1302 cum
510 1241 618 1302 essent
640 1236 770 1321 quidam
791 1236 850 1322 [et]
874 1259 992 1302 vernae
1014 1238 1098 1302 idem
1118 1242 1150 1303 et

140 1330 293 1410 textores,
315 1326 423 1390 Labeo
448 1327 502 1411 ait,
525 1327 677 1411 quoniam
701 1348 760 1391 nec
784 1348 864 1410 qnos
883 1325 986 1391 Titiae
1007 1331 1149 1392 textores

140 1437 206 1480 non
225 1415 391 1502 legaverit,
411 1416 504 1480 aliter
523 1437 677 1500 apparere
696 1414 809 1499 possit,
829 1437 925 1499 quam
940 1416 968 1480 si
983 1414 1149 1500 cognitum

141 1503 248 1586 fucrit,
271 1526 352 1588 qnos
376 1526 487 1568 eorum
510 1503 637 1569 Plotiae
661 1504 826 1589 legaverit,
848 1525 907 1568 nec
927 1526 1007 1589 quos
1026 1503 1150 1569 Plotiae

141 1614 255 1657 vernas
269 1616 334 1658 non
348 1594 516 1678 legaverit,
526 1593 694 1678 <intellegi
708 1593 811 1675 aliter,
830 1594 969 1677 quamsi
984 1593 1150 1677 cognitum

140 1678 238 1746 fuerit
266 1704 344 1767 quos
373 1705 483 1748 eorum
511 1683 616 1747 Titiae
644 1682 830 1766 legaverit>
857 1683 975 1766 possit,
1002 1683 1149 1747 neutrius

142 1769 251 1855 legato
275 1778 426 1856 exceptos
455 1793 524 1836 esse
549 1793 603 1836 eos
627 1772 665 1835 de
693 1770 809 1855 quibus
833 1771 1001 1854 quaeritur
1024 1775 1056 1834 et
1078 1771 1151 1836 ideo

142 1880 328 1924 communes
356 1861 513 1925 ambobus
542 1881 625 1946 esse3
654 1858 716 1924 hoc
740 1859 824 1923 enim
847 1859 926 1923 iuris
951 1857 1043 1924 esser
1068 1859 1152 1924 etsi

141 1949 286 2012 neutrius
309 1949 410 2034 legati
433 1949 562 2013 nomine
585 1949 757 2033 quicquam
780 1951 866 2012 esset
889 1951 1067 2032 exceptum.

233 2037 280 2100 19.
305 2035 343 2102 D.
363 2037 438 2102 ibid.
458 2041 477 2117 ξ
495 2039 523 2102 1.
544 2073 581 2082 -
604 2035 697 2113 Quod
717 2036 744 2101 si
763 2037 825 2112 hoc
843 2036 939 2101 modo
959 2041 1045 2102 esset
1062 2037 1151 2121 lega·

142 2128 212 2187 tum
235 2124 390 2189 ‘textores
414 2147 525 2191 omues
544 2128 673 2208 praeter
690 2125 819 2190 vernas'
838 2130 871 2189 et
888 2147 999 2190 rursus
1023 2125 1151 2192 ‘vernas

143 2234 254 2276 omnes
277 2217 407 2298 praeter
428 2213 592 2297 textores’,
618 2215 673 2298 qui
697 2217 729 2278 et
751 2237 851 2279 verna
875 2218 908 2278 et
929 2218 1035 2279 textor
1058 2219 1153 2300 esset,

141 2303 247 2365 neutri
269 2303 370 2366 fuisse
392 2302 545 2387 legatum.

231 2391 283 2457 20.
315 2389 354 2455 Ι).
378 2392 430 2475 32,
450 2390 492 2456 65
506 2415 554 2476 pr.
604 2389 785 2456 Marcianus
817 2391 900 2455 libro
932 2389 1068 2475 septimo
1096 2391 1151 2457 In·

143 2478 348 2544 stitutionum
364 2477 412 2568 (P.
430 2477 517 2567 121).
532 2517 569 2528 -
586 2479 719 2564 Legatis
735 2480 835 2545 servis
850 2483 992 2565 exceptis
1006 2482 1153 2565 negotia·

143 2568 269 2634 toribus
292 2568 401 2634 Labeo
425 2570 555 2654 scripsit
578 2589 632 2635 eos
657 2569 766 2654 legato
791 2573 940 2653 exceptos
962 2570 1073 2654 videri,
1097 2571 1152 2654 qui

142 2659 320 2742 praepositi
347 2663 455 2724 essent
481 2659 605 2745 negotii
634 2658 801 2724 exercendi
829 2679 939 2742 causa,
966 2658 1067 2723 veluti
1096 2658 1152 2742 qui

143 2747 183 2810 ad
202 2749 370 2812 emendum
389 2748 559 2813 locandum
578 2747 816 2812 conducendum
837 2747 1014 2832 praepositi
1031 2752 1152 2833 essent,

143 2836 355 2901 cubicularios
385 2841 492 2901 autem
520 2836 572 2900 vel
601 2836 811 2900 obsonatores
838 2835 888 2900 vel
912 2857 981 2919 eos,
1008 2837 1062 2920 qui
1085 2837 1151 2920 pis-

143 2925 307 2989 catoribus
344 2925 522 3010 praepositi
559 2926 649 3007 sunt,
684 2945 748 2988 non
785 2922 888 2988 videri
922 2925 1151 3010 negotiationis

143 3013 360 3098 appellatione
384 3013 550 3078 contineri.

232 3103 285 3167 21.
309 3101 348 3166 D.
363 3103 415 3184 32,
430 3102 482 3168 85.
516 3101 713 3186 Pomponius
732 3101 816 3166 libro
836 3102 974 3166 secundo
995 3101 1034 3165 ad
1053 3099 1151 3177 Quin·

143 3192 213 3254 tum
232 3189 373 3256 Mucium
398 3189 446 3278 (P.
462 3190 549 3278 226).
572 3227 615 3238 -
639 3187 863 3256 ...‘Stichnm
887 3191 942 3275 qui
965 3211 1053 3255 meus
1078 3190 1151 3254 erit'

143 3282 222 3360 puto
246 3301 304 3363 pro
329 3280 514 3346 condicione
538 3278 757 3366 accipiendum
776 3301 835 3344 nec
853 3280 1018 3360 interesse,
1040 3283 1150 3344 utrum

143 3366 190 3428 ita
218 3367 284 3451 ‘qui
311 3391 400 3434 meus
429 3369 500 3435 erit'
530 3393 570 3434 an
598 3370 645 3434 ita
674 3369 714 3433 ‘si
741 3390 831 3433 meus
860 3367 946 3433 erit':
979 3369 1151 3454 utrubique

216 3527 230 3573 1
250 3522 297 3577 Fr.
317 3526 365 3580 est.
