2512 3888
386 195 412 244 2.
437 187 621 244 Masculus
640 187 791 246 SABINUS
1027 188 1093 250 447

88 350 147 415 sub
166 348 353 416 condicione
373 353 498 417 etanta
517 349 738 415 condicionem
756 349 790 414 id
804 350 964 435 acciderit,
983 349 1092 416 deberi

86 439 239 523 legatum.
294 438 433 506 Sabinus
470 444 502 505 et
534 436 667 505 Cassius
700 438 759 504 sub
790 439 973 505 condicione
1005 443 1092 505 recte

86 527 203 612 legari,
230 549 310 611 pure
333 549 399 593 non
421 533 515 611 recte,
538 530 670 612 putant;
692 527 769 592 licet
791 528 876 592 enim
898 535 971 593 vivo
993 532 1090 594 testa-

86 621 155 680 tore
185 620 291 701 possit
322 617 466 682 desinere
497 618 532 681 in
561 619 723 701 potestate
751 615 877 680 heredis
905 638 988 699 esse,
1019 617 1091 680 ideo

85 709 195 769 tamen
224 704 339 770 inutile
367 705 511 791 legatum
539 703 682 788 intelligi
710 707 871 789 oportere,
904 704 980 789 quia
1007 705 1090 789 quod

85 793 189 858 nullas
213 793 298 860 vires
320 794 508 860 habiturum
530 795 626 879 foret,
648 793 676 857 si
697 793 808 857 statim
825 797 903 878 post
920 796 1091 858 testamen·

85 884 154 946 tum
178 881 301 949 factum
325 882 513 948 decessisset
535 884 683 964 testator,
705 881 766 946 hoc
788 882 860 946 ideo
878 882 992 964 valere,
1015 881 1091 966 quia

84 971 184 1035 uitam
207 971 336 1057 lougius
359 972 502 1055 traxerit,
525 971 701 1037 absurdum
724 974 819 1036 esset

173 1060 225 1124 22.
253 1059 324 1125 Gai.
342 1062 373 1146 2,
390 1061 465 1128 235.
500 1095 539 1108 -
571 1059 698 1125 Poenae
721 1058 908 1124 ..nomine
934 1056 1093 1122 inutiliter

84 1148 220 1233 legatur.
268 1171 392 1233 poenae
423 1154 531 1215 autem
562 1149 693 1215 nomine
721 1148 824 1233 legari
851 1146 978 1213 videtur
1006 1145 1092 1229 quod

83 1236 249 1302 coercendi
276 1237 403 1303 heredis
430 1260 527 1304 causa
553 1237 757 1323 relinquitur,
785 1258 849 1321 quo
870 1237 975 1320 magis
998 1234 1091 1300 heres

84 1324 207 1410 aliquid
229 1325 329 1390 faciat
351 1331 407 1391 aut
429 1347 496 1392 non
517 1327 625 1403 faciat,
650 1325 752 1391 veluti
775 1324 859 1412 quod
882 1325 929 1390 ita
952 1326 1092 1408 legatur:

84 1412 132 1478 ‘si
163 1413 256 1479 heres
288 1435 378 1479 meus
410 1415 508 1478 filium
541 1436 632 1480 suam
663 1414 750 1479 Titio
783 1414 818 1478 in
849 1412 1091 1478 matrimonium

84 1500 304 1586 collocaverit,
329 1501 361 1566 X
386 1502 519 1586 <milia>
547 1501 620 1567 Seio
648 1503 736 1568 dato'
764 1503 897 1567 velita:
927 1502 967 1567 ‘si
989 1501 1091 1566 filiam

83 1588 172 1655 Titio
213 1589 248 1654 in
283 1591 526 1657 matrimonium
561 1611 629 1654 non
664 1591 893 1674 conlocaueris,
933 1590 965 1655 X
1000 1588 1091 1655 milia

82 1676 169 1743 Titio
192 1677 289 1746 dato'.

171 1789 194 1850 Ι.
210 1792 239 1864 2,
255 1793 305 1867 20,
321 1791 362 1850 36
389 1791 462 1870 haec
489 1790 646 1867 leguntur:
676 1783 804 1849 ‘Poenae
831 1809 949 1868 quoqne
971 1789 1090 1850 uomina

82 1878 233 1938 inutiliter
250 1879 410 1955 legabatur
427 1927 433 1940 .
449 1923 477 1938 ..
495 1896 549 1938 nec
568 1877 738 1938 libertatem
756 1897 869 1954 poenae
887 1878 1006 1940 numine
1026 1878 1090 1938 dari

81 1985 169 2045 posse
187 1969 333 2044 placebat.
371 1986 409 2026 eo
428 1967 584 2044 amplius
602 1985 666 2026 nec
684 1966 824 2026 heredem
842 1986 956 2044 poenae
971 1966 1090 2027 nomine

82 2056 161 2116 adici
188 2075 294 2133 posse
317 2056 474 2117 Sabinus
503 2049 762 2116 existimabat'.
807 2057 843 2117 ef.
867 2075 959 2134 supra
980 2078 1009 2134 p.
1024 2057 1088 2116 423

82 2145 192 2221 quibus
220 2146 318 2205 verbis
346 2165 414 2206 eum
442 2146 515 2206 satis
541 2145 691 2205 iudicetur
713 2144 856 2205 Sabinum
883 2147 975 2206 otiam
1002 2148 1091 2205 antea

82 2234 180 2293 relata
197 2252 251 2309 pro
270 2234 428 2295 inutilibus
447 2235 555 2313 legatis
573 2235 722 2307 habuisse,
746 2233 849 2294 Sabini
868 2235 894 2295 si
911 2255 972 2295 uon
989 2233 1090 2312 verba,

83 2325 217 2382 atcerte
241 2325 416 2384 sententiam
442 2322 533 2383 Gaius
556 2324 655 2383 refert.

172 2423 223 2488 23.
259 2423 329 2491 Gai.
353 2425 390 2510 3,
413 2425 465 2492 98.
500 2461 536 2472 -
573 2424 773 2507 ..legatum
811 2425 870 2491 sub
905 2424 1090 2508 inpossibili

84 2510 270 2578 condicione
293 2514 439 2578 relictum
461 2513 564 2578 nostri
587 2516 810 2597 praeceptores
828 2513 962 2596 proinde
980 2513 1090 2577 deberi

81 2603 208 2686 putant,
232 2623 269 2668 ac
293 2603 321 2667 si
344 2601 414 2666 sine
437 2601 625 2666 condicione
646 2600 794 2665 relietum
817 2604 911 2666 esset.

171 2837 332 2899 Generaler
360 2836 397 2897 da
424 2837 532 2915 legatis
559 2838 681 2916 regulas
709 2835 859 2912 excipiunt
885 2837 916 2895 in
940 2835 1026 2895 libris
1051 2835 1089 2894 ad

82 2926 240 3006 Sabinum,
275 2926 440 2987 interiectis
471 2926 649 3002 quibusdam
681 2944 759 3004 quse
790 2925 828 2985 ad
863 2925 984 3004 regulas
1020 2925 1089 2984 illas

79 3016 224 3077 videntur
255 3034 420 3093 recurrere,
455 3014 512 3075 hae
543 3016 606 3076 fera
638 3017 807 3094 legatorum
839 3015 965 3092 speeies:
1001 3031 1089 3073 usus·

80 3105 198 3165 fruetus
221 3107 252 3165 et
273 3123 347 3165 usus
369 3106 497 3182 legatus,
520 3104 573 3164 dos
595 3105 739 3182 relegata,
760 3103 864 3165 riuum
883 3107 913 3163 et
930 3107 1089 3181 argentum

80 3193 231 3272 legatum,
257 3195 489 3254 instrumentum
516 3195 547 3252 et
574 3193 707 3268 supellex
733 3193 847 3270 legata,
873 3192 974 3252 uxoris
999 3209 1091 3251 causa

80 3286 189 3360 parata
224 3283 337 3361 legata,
373 3284 443 3342 lana
478 3277 575 3340 linum
603 3301 738 3359 purpura
770 3282 949 3342 uestimenta
979 3280 1088 3358 legata,

79 3391 176 3449 penus
208 3373 321 3451 legata,
352 3371 457 3432 vinum
488 3370 634 3449 legatum,
662 3369 732 3430 libri
759 3369 882 3430 chartae
908 3369 1090 3430 bibliotheca

79 3462 196 3538 legata,
223 3461 338 3538 lignum
364 3461 510 3537 legatum,
538 3460 688 3536 peculium
710 3460 852 3537 legatum.
897 3459 929 3519 in
951 3459 998 3518 his
1020 3477 1088 3536 pro·

80 3549 226 3626 ponendis
250 3548 378 3608 Sabinus
399 3549 527 3608 maxime
545 3566 695 3626 personas,
719 3549 826 3627 quibus
844 3567 893 3609 res
910 3549 981 3608 illae
999 3547 1088 3608 relin-
