2568 3890
143 111 208 174 200
244 110 266 165 I.
290 109 443 164 AETATIS
461 107 621 164 AUGUSTI
638 108 686 163 ET
705 108 840 164 TIBuRu
857 109 953 164 IURIS
972 107 1157 166 CONSULTI

461 295 508 354 Do
531 297 621 369 tepoto
645 297 840 356 condicionali.

234 414 285 478 87.
304 412 343 478 D.
358 413 410 497 35,
422 413 503 496 1,40
512 437 558 498 pr.
592 413 680 478 Idem
695 411 897 500 (Iavolenus)
914 415 997 479 libro
1013 417 1156 481 seeundo

144 524 182 567 ex
214 502 447 585 posterioribus
480 502 651 568 Labeonis,
681 538 719 550 -
753 503 869 582 Quibus
901 503 1005 568 dicbus
1035 505 1158 570 ricinus

145 597 217 656 tuns
249 597 276 656 te
306 592 358 657 oia
381 591 519 675 publico,
552 613 620 656 curn
647 593 690 657 oei
712 593 886 674 parendum
913 593 1082 657 condicioni
1108 595 1159 658 ire
1243 661 1250 669 ,

144 680 241 764 octies,
263 681 310 744 ire
322 680 513 762 prohibuerit
530 701 584 745 nco
594 701 654 762 per
672 687 699 745 te
716 686 818 762 staret,
839 701 898 763 quo
916 682 1020 746 minus
1037 683 1154 764 windo

145 770 180 834 ob
211 769 385 834 calumnias
416 790 485 834 eun
511 789 713 853 sunnoneas,
745 769 779 834 bi
805 771 869 834 dies
896 771 1066 834 condicioni
1092 791 1157 836 non

145 859 386 942 imputabuntur.

234 1088 236 1092 ,
339 1023 386 1082 De
408 1024 509 1098 tecutis
530 1025 563 1082 in
585 1025 725 1082 incertnon
748 1025 823 1082 dien
844 1013 957 1083 relictis.
999 1013 1036 1094 „f

235 1143 287 1208 88.
310 1141 350 1207 D.
369 1143 420 1225 36,
435 1142 465 1223 2,
479 1143 530 1206 30.
576 1139 684 1206 Labeo
710 1141 794 1206 libro
818 1142 915 1206 tertio
939 1143 1158 1226 posteriorum

147 1255 166 1296 a
196 1230 350 1296 Iavoleno
383 1231 640 1314 epitomatorum.
668 1267 710 1276 -
740 1230 829 1311 Quod
853 1232 992 1313 pupiilae
1024 1230 1159 1314 tepatnrn

144 1325 188 1386 est
215 1320 405 1402 ‘quandoque
431 1318 594 1401 nupserit’,
623 1320 652 1384 si
678 1339 715 1384 ea
741 1321 843 1384 rninor
870 1341 964 1402 quarn
991 1321 1159 1402 viripotens

146 1410 295 1493 nupserit,
315 1413 471 1473 non‘ante
493 1409 521 1472 ei
544 1408 675 1489 tepoturn
697 1408 856 1493 debebitacr,
878 1429 972 1490 quarn
990 1409 1159 1490 viripotens

146 1519 207 1564 csse
234 1499 373 1580 crepuit,
402 1499 477 1579 qnia
498 1518 561 1562 non
579 1502 678 1579 potest
699 1498 796 1562 uideri
817 1503 928 1582 nepta,
955 1518 1033 1580 qnae
1054 1498 1159 1563 cirum

141 1588 213 1670 pati
234 1607 297 1652 non
313 1591 420 1669 potest.

387 1734 565 1808 Lepatornrn
587 1734 795 1793 scroandornrn
817 1751 914 1793 cansa.

237 1854 288 1918 89.
312 1852 351 1917 D.
369 1853 474 1937 36,4,
491 1853 540 1919 14.
589 1851 698 1916 Labeo
730 1851 814 1916 libro
848 1852 987 1917 seeundo
1019 1855 1159 1936 posteri-

149 1965 240 2007 orum
260 1964 279 2006 a
296 1939 450 2005 Iauoleno
470 1942 731 2025 epitomatorem.
748 1977 788 1987 -
808 1941 892 2022 Qrcae
911 1941 1077 2024 lcpatorurn
1095 1962 1159 2006 ser-

148 2032 319 2095 oanotornn
337 2049 432 2095 causa
449 2031 485 2093 in
503 2029 589 2094 bonis
607 2035 658 2112 est,
679 2031 714 2093 in
732 2049 827 2094 cansa
845 2031 980 2095 uescendi
997 2031 1161 2116 deminuet,

148 2120 177 2184 si
203 2119 272 2200 fitia
298 2119 399 2199 neptis
413 2119 579 2200 proneptis
606 2137 721 2182 unone
748 2123 823 2182 esset
848 2139 901 2184 nec
923 2123 1021 2200 nupta
1043 2120 1085 2183 sit
1105 2140 1162 2184 nec

149 2227 240 2272 suun
263 2208 427 2288 quicquan
449 2206 564 2271 babeat.

491 2371 538 2430 Do
561 2371 688 2430 iibcrtate
709 2371 817 2430 reiicta.

239 2491 291 2556 90.
314 2490 352 2554 D.
367 2489 419 2573 40,
434 2491 463 2573 7,
477 2491 518 2554 21
530 2511 577 2572 pr.
622 2488 821 2572 Pomponius
850 2489 933 2554 libro
958 2491 1095 2574 septimo
1120 2514 1160 2557 ex

148 2581 285 2646 Plautio.
308 2617 350 2626 -
375 2578 483 2644 Labeo
507 2579 590 2644 libro
613 2578 642 2661 <.
657 2630 664 2644 .
680 2579 709 2663 .>
731 2579 946 2663 posteriorum
976 2579 1024 2643 itu
1046 2580 1160 2646 refert:

150 2669 294 2736 ‘Calenus
309 2670 507 2751 dispensator
525 2687 618 2751 nens,
640 2669 669 2734 si
686 2669 820 2733 rationes
838 2669 996 2750 ciiiipenter
1014 2673 1160 2735 tractasse

149 2759 312 2842 ridebitur,
345 2758 419 2822 iiber
451 2763 509 2822 esto
541 2777 656 2838 suoque
687 2759 794 2822 onnia
825 2761 854 2821 ct
884 2762 1003 2822 centnm
1034 2757 1160 2824 inicto’.

148 2849 339 2931 diiipentiarn
367 2847 537 2911 desiderare
563 2865 631 2909 earn
653 2845 803 2926 noenius,
833 2866 911 2927 quac
932 2847 1068 2930 donnino,
1096 2867 1161 2913 non

149 2958 227 3021 puae
253 2955 337 3002 serco
362 2935 460 3016 fecerit
485 2934 578 2998 utitis.
625 2934 685 2997 erit
709 2940 811 2998 autern
837 2936 866 2998 ei
891 2935 1066 3017 ditipcntiac
1093 2956 1162 3001 con-

149 3029 256 3092 iuncta
282 3026 357 3108 fidas
384 3024 463 3088 bona
489 3043 552 3087 non
581 3022 680 3086 solnm
707 3023 742 3086 in
768 3023 941 3088 rationibus
968 3026 1161 3108 ordinandis

149 3115 317 3180 sedetiam
339 3115 374 3177 in
396 3113 513 3194 reliquo
534 3113 693 3176 recidendo.
729 3116 758 3176 et
778 3113 859 3193 qnod
880 3114 926 3177 ita
948 3114 1096 3195 scripturn
1118 3120 1164 3180 cst

151 3201 333 3286 ‘videbitur'‚
361 3222 420 3284 pro
451 3201 506 3265 boc
532 3202 630 3282 acnpi
656 3201 738 3266 debet
764 3199 873 3266 ‘rideri
892 3202 1033 3284 poterit’:
1064 3204 1108 3267 sic
1134 3209 1164 3268 et

150 3293 239 3356 cerba
270 3291 342 3374 lepis
369 3292 525 3355 duodecin
547 3290 725 3356 tabularum
747 3295 856 3356 uteres
878 3292 1068 3373 interpretati
1089 3297 1164 3356 sunt

152 3378 192 3446 ‘si
218 3400 301 3460 apua
322 3380 433 3462 pincia
459 3378 563 3463 nocet',
590 3380 625 3443 iot
649 3384 694 3444 est
715 3377 755 3444 ‘si
781 3400 885 3444 nocere
904 3379 1040 3461 poterit’.
1084 3384 1113 3444 ct
1133 3382 1164 3446 si

152 3473 358 3552 quaereretur,
388 3470 438 3532 cni
459 3488 527 3533 corn
549 3468 740 3550 ditipentian
758 3469 887 3550 probari
909 3473 1054 3553 oporteat,
1081 3468 1163 3534 berc-
