2508 3896
371 189 397 238 2.
422 181 606 238 massulos
625 181 780 240 SABINUS
1016 185 1081 249 511

70 344 240 428 spadones,
263 366 334 410 eam
358 348 497 410 aetatem
522 366 592 410 esse
605 346 830 431 spectandam,
853 346 943 412 ouius
963 351 1080 414 aetatis

68 433 207 517 puberes
228 432 320 498 fiunt.

158 539 318 605 ‘Desinunt
340 548 444 605 autem
466 564 532 606 esso
553 547 681 623 tutores,
703 544 755 622 qui
776 547 825 607 vel
848 550 1040 610 removentur
1062 567 1081 608 a

68 633 166 694 tutela
194 634 232 693 ob
259 634 291 693 id
317 634 397 710 quod
424 635 556 710 suspecti
582 634 640 695 visi
663 637 734 695 sunt
755 635 805 696 vel
827 655 864 696 ex
885 636 966 696 iusta
988 656 1082 698 eausa
1186 636 1188 644 ’

69 741 134 782 sese
158 715 320 783 excusant?
351 723 419 801 Ll,
435 725 486 800 22,
501 725 530 784 6.
567 717 733 784 ‘sciendum
752 727 799 784 est
817 725 949 801 suspecti
967 727 1080 786 crimen

68 831 85 871 e
121 812 189 889 lege
226 811 381 871 duodecim
417 811 590 872 tabularum
626 806 824 872 descendere?
877 813 900 874 I.
931 816 958 891 1,
983 817 1023 876 26
1034 835 1080 891 pr.

69 900 162 961 =D.
184 902 401 978 26,10,1,1.
428 899 549 961 oldai.
571 903 681 977 1,1.82
712 893 816 983 (supra
837 923 865 980 p.
882 897 971 984 506).
1016 896 1079 962 ‘ex-

71 992 215 1049 ousantur
236 991 337 1049 autem
359 992 475 1050 tutores
572 989 749 1068 plerumque
772 1035 801 1050 ..
823 994 947 1068 propter
969 992 1081 1052 liberos

68 1123 102 1139 ..
136 1078 271 1154 exemplo
303 1079 472 1138 ceterorum
502 1097 673 1156 munerum,
704 1099 775 1138 uam
802 1082 832 1139 et
859 1081 987 1140 tutelam

66 1167 181 1244 plaouit
203 1166 357 1244 publioum
379 1185 488 1227 munus
511 1162 600 1228 esse?
636 1168 659 1228 Ι.
676 1171 704 1246 1,
719 1170 760 1229 25
770 1188 814 1244 pr.

420 1345 468 1405 Do
489 1346 593 1404 tutelae
613 1346 728 1406 iudicio.

156 1453 323 1538 (Mulieres
343 1479 467 1536 ..quae
494 1459 644 1537 perfectae
672 1460 780 1520 aetatis
808 1463 887 1539 suut,
913 1461 997 1537 ipsae
1021 1461 1079 1521 sibi

66 1549 189 1628 negotia
211 1552 345 1610 traotant
369 1541 439 1630 ...')
462 1542 552 1608 ‘unde
575 1566 643 1608 oum
664 1551 766 1608 tutore
783 1550 900 1608 nullum
923 1568 960 1610 ex
981 1551 1081 1613 tutela

66 1637 210 1697 iudicium
237 1638 356 1699 mulieri
383 1639 486 1715 datur;
515 1641 548 1696 at
574 1637 628 1696 ubi
653 1637 836 1713 pupillorum
857 1638 1078 1715 pupillarumve

66 1726 190 1805 negotia
207 1729 323 1788 tutores
341 1729 482 1805 traotant,
501 1725 529 1785 ei
547 1729 616 1802 post
633 1726 823 1802 pubertatem
841 1727 955 1786 tutelae
968 1727 1079 1787 iudioio

67 1815 216 1875 rationem
243 1809 393 1876 reddunt'.
438 1814 504 1876 Gai.
525 1818 552 1892 1,
573 1817 644 1875 191.
695 1807 738 1874 ‘in
769 1833 829 1890 quo
860 1815 969 1876 iudicio
1002 1815 1080 1876 solet

69 1904 182 1983 quaeri,
206 1923 245 1964 an
267 1905 327 1964 alia
350 1905 386 1964 de
409 1921 442 1971 re
465 1923 555 1981 quam
579 1903 615 1962 de
638 1904 759 1963 oaloulis
777 1904 915 1982 cognosci
933 1908 1078 1983 oporteat,

66 2012 107 2052 an
135 1992 223 2052 fidem
249 1996 404 2070 praestare
431 1993 538 2054 debeat
563 1995 696 2069 tantum,
725 2011 785 2052 non
808 1993 899 2052 etiam
922 1994 1078 2053 eonsilium

67 2085 99 2142 et
122 2077 282 2142 eventum?
323 2082 446 2154 Quintil.
462 2083 490 2159 7,
504 2083 534 2156 4,
550 2083 600 2142 35.
642 2075 832 2158 ‘quibusdam
854 2082 970 2142 iudiciis
994 2084 1076 2142 dam-

68 2171 134 2230 nati
156 2171 345 2246 ignominiosi
367 2173 456 2246 fiunt,
479 2170 575 2231 veluti
593 2217 600 2233 .
616 2216 623 2230 .
639 2217 645 2230 .
663 2165 797 2231 tutelae?
834 2169 944 2249 (1514,
960 2173 1032 2233 182.

161 2272 233 2339 111.
264 2273 300 2338 D.
314 2275 366 2358 26,
381 2275 410 2354 7,
425 2274 466 2339 37
477 2295 524 2357 pr.
569 2271 657 2337 Idem
682 2270 739 2359 (so.
758 2271 971 2358 Papinianus)
994 2274 1077 2339 libro

67 2361 237 2427 undecimo
275 2361 509 2438 Quaestionum
545 2359 595 2446 (P.
624 2361 711 2446 199).
742 2397 787 2408 -
818 2361 985 2445 Tutorem,
1022 2363 1078 2447 qui

65 2449 205 2516 tutelam
238 2451 336 2534 gerit,
372 2449 510 2515 Sabinus
542 2452 575 2514 at
608 2447 757 2535 Cassius,
786 2453 884 2532 prout
914 2451 1010 2534 gerit,
1042 2451 1077 2514 in

65 2538 215 2623 singulas
238 2558 290 2602 res
312 2559 370 2621 per
391 2543 539 2622 tempora
562 2537 651 2601 velut
673 2536 877 2622 expluribus
896 2537 1002 2602 oausis
1022 2538 1078 2603 ob·

63 2626 162 2714 ligari
184 2629 387 2712 putaverumt.

282 2792 329 2852 Da
350 2792 511 2852 rationibus
532 2791 724 2850 distrahendas
746 2791 864 2850 oddone.

156 2901 295 2968 ‘Aetione
332 2907 368 2967 de
399 2905 565 2966 rationibus
596 2906 798 2966 distrahendis
829 2924 915 2965 nemo
947 2906 1078 2981 tenetur,

62 2997 125 3058 nisi
148 2997 199 3075 qui
217 2997 248 3056 in
266 2998 363 3056 tutela
381 2997 512 3075 gerenda
529 3015 593 3056 rem
611 3014 646 3055 ex
664 2995 750 3055 bonis
768 2994 876 3071 pupilli
894 2987 1075 3055 absumerit?

62 3087 102 3147 D.
118 3089 170 3166 27,
185 3088 214 3163 3,
229 3089 247 3146 2
268 3086 352 3145 Paul.
366 3086 386 3144 1.
400 3084 476 3144 VIII
494 3086 532 3143 ad
547 3084 616 3145 aab.
629 3077 676 3164 (P.
694 3075 802 3165 1785).
834 3077 1022 3161 ‘proponitur
1041 3102 1077 3142 er

61 3178 133 3255 lege
168 3174 323 3235 duodecim
353 3167 539 3233 tabularum'
571 3172 649 3233 aetio
681 3165 852 3233 ‘adversum
883 3175 1013 3231 tutorem
1043 3172 1076 3231 in

62 3257 212 3341 duplum?
248 3264 283 3324 D.
298 3266 350 3341 26,
366 3267 394 3341 7,
409 3264 460 3339 55,
477 3265 493 3321 1
520 3261 738 3339 Tryphoninus.

157 3364 243 3430 112?
266 3364 306 3430 D.
320 3365 373 3446 47,
387 3365 417 3445 2,
431 3365 483 3430 33.
519 3361 679 3446 Ulpianus
702 3362 786 3427 libro
805 3360 1074 3446 quadragensimo

60 3456 171 3543 primo
187 3454 227 3518 ad
242 3451 397 3519 Sabinum
413 3449 579 3540 (Ρ.2864).
594 3452 748 3516 —Tutor
763 3450 1074 3516 administrationem

60 3542 197 3632 quidem
221 3564 327 3607 rerum
350 3543 560 3626 pupillarium
583 3542 696 3624 habet,
722 3539 945 3626 intercipiendi
967 3545 1075 3606 autem
