2512 3888
389 218 414 267 2.
437 211 620 269 MASURIUS
639 212 792 270 SABINUS
1029 213 1094 278 491

91 375 232 457 venisse,
260 375 406 460 quamvis
434 396 509 441 arca
536 381 679 462 maneat,
706 377 933 461 pecuniamque
957 377 1098 442 solutam

87 463 214 529 condici
236 483 331 548 posse
355 463 455 528 aiunt.

425 611 472 670 De
493 613 638 686 marsupio
661 617 761 687 empto.
883 607 884 612 ’

179 720 230 786 75.
259 719 296 784 D.
312 720 408 801 21‚2,
423 722 452 785 9.
493 720 614 786 Paulus
637 723 721 787 libro
746 722 981 806 septuagesimo
1006 727 1096 788 sexto

88 809 130 878 ad
163 809 303 874 edictum
330 808 379 894 (P.
399 805 487 895 826).
514 846 558 857 -
587 808 621 875 Si
652 810 831 875 vendideris
862 831 989 874 servum
1016 812 1097 876 mihi

88 897 181 979 Titii,
213 897 325 962 deinde
353 896 459 962 Titius
491 897 641 963 heredem
669 921 719 964 me
746 898 926 984 reliquerit,
959 897 1095 965 Sabinus

89 987 244 1051 amissam
253 987 413 1051 actionem
424 985 493 1072 ait,1
507 988 660 1071 quoniam
671 1009 780 1053 servus
790 1008 854 1052 non
865 992 975 1073 potest
985 987 1096 1053 evinci.

178 1075 243 1140 76?
265 1074 304 1140 D.
320 1075 371 1156 18,
384 1078 398 1140 1
404 1125 413 1156 ‚
423 1076 473 1142 13.
506 1075 596 1141 Idem
611 1073 670 1164 (sc.
684 1072 895 1161 Pomponius)
910 1076 994 1141 libro
1008 1098 1096 1142 nono

88 1165 129 1228 ad
153 1161 306 1228 Sabinum
331 1160 382 1250 (P.
398 1161 489 1251 544).
515 1201 553 1212 -
578 1213 610 1230 ..
637 1167 664 1230 si
693 1186 785 1232 servo
814 1186 885 1230 meo
914 1165 964 1228 vel
993 1166 1022 1228 ei
1046 1165 1098 1230 cui

87 1252 282 1317 mandavero
318 1253 438 1317 vendas
477 1254 581 1319 sciens
618 1254 793 1339 fugitivum
825 1254 881 1319 illo
914 1255 1097 1340 ignorante,

88 1362 139 1405 me
163 1340 298 1422 sciente,
320 1361 385 1405 non
407 1342 512 1406 teneri
534 1344 568 1407 te
591 1363 629 1406 ex
652 1350 762 1428 empto
784 1365 897 1408 verum
920 1347 978 1407 est.
1126 1340 1128 1346 ’

176 1451 299 1511 Pernioe
321 1450 346 1524 Ι,
361 1453 438 1512 503:
466 1446 543 1512 ‘dass
567 1453 614 1512 die
636 1453 864 1532 Entscheidung
885 1472 945 1515 von
968 1453 1097 1514 Sabinus

86 1540 229 1618 auagebt,
256 1540 335 1599 musa
362 1558 432 1599 man
459 1559 513 1600 uus
541 1539 608 1600 dem
635 1563 741 1603 vorum
763 1547 810 1603 est
833 1535 971 1621 folgern'.
1018 1543 1098 1621 quod

86 1629 153 1688 fieri
174 1645 276 1705 posse,
298 1647 359 1688 non
381 1628 488 1688 debere
511 1630 586 1688 mibi
599 1631 728 1708 ‘quidem
750 1632 878 1693 videtur.

178 1729 229 1793 77.
252 1727 290 1794 D.
307 1729 357 1812 18,
372 1728 401 1813 7,
416 1729 492 1812 6pr.
528 1728 618 1794 Idem
640 1729 698 1818 (sc.
712 1729 927 1819 Papinianus)
950 1733 1034 1797 libro
1053 1735 1096 1798 vi·

87 1816 230 1883 oeusimo
250 1815 387 1900 septimo
407 1816 637 1892 Quaestionum
657 1816 706 1906 (P.
721 1820 826 1902 323⁸).
841 1857 884 1866 —
899 1817 932 1885 si
952 1821 1097 1886 venditor

88 1906 130 1970 ab
163 1910 307 1989 emptore
340 1905 472 1987 caverit,
504 1929 546 1970 ne
579 1929 670 1973 serva
704 1909 985 1974 manumitteretur
1014 1932 1096 1976 neve

86 1997 316 2079 prostituatur,
344 1998 377 2059 et
404 1994 512 2079 aliquo
540 1995 626 2062 facto
655 2001 769 2062 contra
796 2019 892 2081 quam
915 1998 1022 2064 fuerat
1045 2021 1097 2065 ox-

85 2088 217 2168 ceptum
240 2083 406 2148 evincatur
428 2091 485 2148 aut
507 2083 609 2150 libera
631 2086 797 2164 iudicetur,
821 2093 853 2151 et
876 2109 915 2151 ex
938 2087 1096 2173 stipulatu

86 2194 192 2258 poena
219 2176 362 2257 petatur,
389 2173 456 2238 doli
484 2174 704 2258 exceptionem
732 2174 862 2260 quidam
891 2177 1096 2243 obstaturam

86 2263 217 2344 putant,
241 2259 379 2326 Sabinus
402 2284 468 2325 non
492 2265 703 2328 obstaturam.

178 2349 228 2414 78.
251 2349 291 2414 D.
304 2349 414 2430 ibid.§
431 2352 459 2415 1.
481 2387 516 2398 -
539 2351 643 2416 Nobis
667 2353 840 2437 aliquando
860 2353 1011 2436 placebat
1028 2375 1095 2420 non

84 2437 169 2502 alias
201 2458 239 2502 ex
272 2439 401 2505 vendito
433 2445 568 2523 propter
594 2462 733 2524 poenam
761 2441 886 2506 homiui
913 2443 1094 2527 irrogatam

84 2525 142 2610 agi
166 2546 275 2612 posse,
303 2548 401 2611 quam
423 2527 451 2591 si
472 2527 627 2610 pecuniae
650 2531 774 2593 ratione
798 2528 975 2594 venditoris
998 2532 1095 2594 iuter-

84 2618 187 2700 esset,
214 2615 313 2679 voluti
340 2614 426 2698 quod
452 2637 587 2699 poenam
614 2617 830 2701 promisisset:
858 2620 999 2682 ceterum
1023 2617 1092 2684 viro

85 2704 173 2769 bono
197 2724 261 2768 nou
284 2703 453 2769 convenire
476 2705 603 2769 credere
622 2706 797 2771 venditoris
816 2707 983 2788 interesse,
1006 2707 1093 2791 quod

84 2793 194 2858 animo
219 2792 390 2857 saevientis
414 2793 616 2859 satisfactum
640 2816 704 2860 nou
726 2796 850 2862 fuisset.
891 2793 946 2860 sed
965 2795 1000 2858 in
1018 2816 1094 2858 con-

83 2881 224 2946 trarium
255 2903 306 2944 me
337 2885 432 2947 vocat
460 2880 572 2948 Sabini
600 2885 774 2967 sententia,
806 2884 861 2970 qui
888 2882 1012 2948 utiliter
1041 2884 1094 2968 agi

83 2970 158 3035 ideo
177 2970 354 3035 arbitratus
373 2974 431 3056 est,
449 2973 602 3056 quoniam
621 2973 683 3038 hoe
702 2974 836 3038 minoris
856 2972 953 3037 homo
969 2971 1094 3036 venisse

82 3058 240 3125 videatur.

462 3151 509 3212 De
530 3155 597 3212 uiuo
620 3158 719 3228 comto.

175 3262 226 3326 79.
244 3260 282 3326 D.
299 3262 452 3345 18,1,35‚
462 3261 493 3327 5.
530 3259 630 3327 Gaius
648 3263 732 3328 libro
751 3263 874 3330 decimo
894 3263 934 3329 ad
953 3264 1095 3330 edietum

84 3349 284 3434 provinciale
299 3348 348 3436 (P.
358 3347 461 3437 238⁰).
478 3387 515 3397 -
532 3399 540 3415 .
555 3400 585 3415 ..
605 3350 633 3416 si
650 3351 759 3416 vinum
778 3352 825 3417 ita
844 3355 987 3437 venierit,
1004 3360 1041 3418 nt
1059 3354 1095 3419 iu

157 3511 173 3560 1
204 3507 279 3562 Trab.
301 3506 342 3560 ait
365 3506 496 3562 amissam
519 3506 658 3563 actionem
681 3525 732 3580 pro
755 3507 902 3567 evictiono.
942 3511 1028 3568 Lenel
1049 3510 1094 3568 P.:

81 3576 219 3634 amissam
239 3576 442 3633 auctoritatem.
