2508 3896
368 205 393 254 2.
415 196 597 253 MASURIUS
617 198 769 254 SABINUS
1005 201 1071 266 523

69 366 169 426 damni
200 386 270 427 varo
302 367 404 426 infecti
435 385 521 425 nemo
553 368 620 426 vult
651 368 718 443 legs
751 386 862 446 agera,
890 367 943 428 ssd
974 370 1076 446 potius

71 456 261 532 stipulatione
293 474 369 531 quae
401 455 432 513 in
465 453 561 514 edicto
594 456 749 530 proposita
780 459 840 530 est,
877 458 993 533 obligat
1024 456 1077 517 ad-

69 545 234 604 versarium
257 564 352 617 suum,
377 544 467 618 idque
490 547 521 602 ct
543 544 725 604 commodius
748 544 796 603 ius
820 548 850 605 st
872 547 989 621 plonius
1008 540 1076 607 est'

69 631 132 692 Gai.
152 637 181 707 4,
202 635 252 692 31.
308 627 360 692 ‘Es
391 633 433 692 ist
465 633 639 692 sohwsrlioh
670 633 718 691 ein
751 633 862 709 Zufall‚
898 634 963 694 dass
988 681 1021 694 ..
1045 636 1077 694 in

68 720 193 798 Ulpians
217 721 408 781 Commentar
435 721 610 780 wiederholt
631 740 690 781 von
713 722 766 780 der
789 723 885 782 sotio
908 723 1009 782 damni
1030 725 1076 783 in·

66 810 139 869 facti
166 812 350 888 gesproohen
372 809 460 887 wind,
488 810 553 868 eine
576 809 799 887 Bezeiohnung,
827 811 874 870 die
897 811 939 870 im
960 812 1076 872 Edicts·

67 903 259 974 commentar,
283 899 321 958 da
343 918 389 959 wo
411 898 458 957 dis
477 899 631 974 stipulatio
651 897 751 957 damni
768 899 870 959 infecti
888 919 924 958 ex
941 901 1075 975 professo

67 988 274 1048 commenticrt
283 981 797 1064 wird,nirgsndsgebrauchtwird.'
820 989 913 1047 Lensl
922 989 941 1048 l.
952 1007 975 1048 o.
985 1009 1014 1064 p.
1026 992 1077 1048 71.

157 1089 231 1155 133.
250 1087 289 1155 D.
297 1089 348 1170 39,
357 1089 387 1172 2,
395 1088 446 1154 35.
455 1089 507 1153 37.
538 1086 696 1170 Ulpianus
711 1087 795 1154 libro
806 1089 1075 1174 quadragensimo

67 1178 206 1242 secundo
231 1177 270 1241 ad
295 1175 449 1242 Sabinum
473 1175 522 1263 (P.
538 1173 691 1264 2890⁸·¹').
713 1214 752 1224 —
771 1176 811 1241 In
833 1177 967 1262 parietis
991 1199 1076 1243 com-

65 1267 174 1331 munis
194 1265 403 1331 demolitione
423 1287 461 1329 ea
480 1266 589 1349 quaeri
608 1269 744 1350 oportet,
764 1267 843 1331 satis
863 1271 957 1351 aptus
976 1266 1076 1332 fuerit

66 1354 218 1421 oneribus
245 1354 386 1419 ferendis
414 1376 456 1417 an
482 1376 546 1419 non
569 1354 669 1420 fuerit
691 1359 797 1438 aptus.
826 1354 832 1440 Ι
936 1355 1022 1440 quod
1046 1356 1073 1420 si

64 1441 162 1508 fuerit
183 1444 317 1509 idoneus
341 1443 460 1527 paries,
488 1443 543 1527 qui
566 1442 739 1508 demolitus
763 1447 826 1526 est,
853 1444 888 1507 in
912 1445 1074 1509 actionem

64 1531 176 1597 damni
206 1531 318 1598 infecti
345 1531 433 1597 venit
459 1531 505 1616 id,
538 1531 650 1615 quenti
677 1531 825 1596 interfuit
853 1533 972 1597 actoris
1001 1554 1074 1597 eum

63 1621 224 1702 parietem
252 1625 351 1686 stare:
378 1621 509 1703 merito,
535 1641 611 1683 nam
641 1619 669 1684 si
695 1641 762 1684 non
786 1621 897 1686 debuit
920 1621 1075 1704 demoliri,

62 1709 235 1775 restituere
263 1731 335 1774 eum
363 1709 458 1774 debet
485 1708 616 1792 proprio
645 1712 785 1793 sumptu.
831 1709 886 1774 sed
912 1711 995 1774 etsi
1019 1711 1075 1794 qui

63 1798 188 1863 reditus
217 1798 258 1863 ob
286 1797 526 1863 demolitionem
550 1796 687 1862 amissus
710 1801 773 1881 est,
797 1799 978 1863 ..restitui
1002 1820 1074 1863 eum

63 1883 207 1952 Sabinus
229 1887 342 1952 voluit.

157 1977 231 2041 134.
254 1975 293 2040 D.
301 1976 353 2059 39,
361 1975 450 2059 2,4Ο,
460 1975 488 2039 1.
524 1973 684 2057 Ulpianus
702 1975 785 2040 libro
801 1975 1072 2060 quadragensimo

61 2065 164 2130 tertio
194 2064 233 2128 ad
262 2063 416 2129 Sabinum
442 2060 490 2150 (P.
510 2059 621 2149 2892).
645 2099 688 2110 -
712 2062 865 2140 Quotiens
894 2066 1074 2130 communis

61 2153 198 2235 parietis
221 2152 302 2218 vitio
326 2152 402 2237 quid
426 2152 550 2236 accidit,
573 2152 678 2217 socius
703 2153 789 2218 socio
808 2151 892 2218 nihil
911 2157 1073 2236 praestare

61 2240 174 2324 debet,
202 2263 273 2306 cum
302 2243 481 2306 communis
509 2241 555 2305 rei
584 2241 663 2306 vitio
693 2241 874 2326 contigerit.
925 2242 1009 2326 quod
1038 2243 1075 2321 si,

61 2332 141 2414 quie
155 2331 241 2395 alter
255 2351 329 2394 eum
342 2333 505 2413 presserat
517 2329 570 2394 vel
582 2335 781 2415 oneraverat,
794 2331 912 2396 idcirco
923 2331 1073 2395 damnum

59 2419 216 2504 contigit,
239 2440 436 2502 consequens
458 2423 508 2482 est
527 2418 630 2482 dicere
649 2419 878 2484 detrimentum
896 2419 966 2502 hoo,
989 2419 1074 2503 quod

59 2507 221 2573 beneficio
245 2507 313 2572 eius
337 2507 507 2589 contingit,
530 2506 636 2589 ipsum
658 2507 776 2571 sarcire
799 2507 921 2571 debere.
960 2509 1074 2591 quodsi

59 2595 245 2682 aequaliter
258 2595 425 2680 utriusqus
440 2594 591 2660 oneribus
605 2616 734 2676 pressus
750 2594 876 2678 decidit,
895 2642 920 2658 ..
935 2592 1073 2659 Sabinus

59 2685 211 2769 scripsit,
232 2706 342 2768 parem
366 2683 530 2767 utriusque
554 2703 684 2748 causam
708 2703 786 2747 esse.

157 2773 229 2838 135.
262 2773 300 2837 D.
318 2772 396 2836 ibid.
415 2775 435 2852 ξ
454 2773 485 2837 3.
529 2769 688 2854 Ulpianus
716 2771 738 2835 l.
760 2771 781 2835 l.
810 2769 858 2857 (P.
879 2767 1002 2856 28930).
1029 2806 1075 2817 -

58 2913 94 2929 ..
126 2863 156 2927 si
186 2862 325 2944 plurium
354 2860 419 2926 sint
447 2861 554 2945 aedes,
586 2881 667 2945 quae
696 2859 868 2925 damnosae
896 2860 1074 2943 imminent,

58 2957 175 3016 utrum
199 2951 352 3015 adversus
375 2971 631 3034 unumquemque
655 2949 856 3014 dominorum
879 2949 912 3012 in
936 2948 1073 3013 solidum

57 3044 231 3124 competat
261 3061 303 3102 an
329 3040 362 3102 in
389 3039 537 3122 partem?
583 3041 616 3101 et
644 3036 775 3128 scripsit
800 3036 956 3121 Iulianus,
989 3036 1074 3119 quod

57 3133 93 3192 et
124 3126 268 3192 Sabinus
296 3127 425 3210 probet,
453 3148 512 3210 pro
541 3125 706 3191 dominicis
734 3126 881 3210 partibus
909 3125 1074 3191 conveniri

56 3240 116 3284 eos
143 3220 301 3300 oportere.

474 3344 521 3403 Dc
542 3346 668 3404 intortis.

155 3470 200 3529 De
230 3469 346 3528 iniuriis
378 3467 515 3528 dixerunt
546 3469 578 3527 P.
606 3468 721 3528 Mucius
753 3461 783 3551 (I
801 3491 829 3545 p.
849 3459 920 3548 33),
953 3467 1073 3528 Servius

54 3551 102 3643 (p.
121 3553 217 3640 210),
246 3556 350 3618 Ofilius
375 3552 417 3638 (p.
433 3550 526 3640 357),
550 3557 707 3618 Trebatius
732 3551 775 3636 (p.
790 3549 883 3639 419),
906 3557 1005 3618 Labeo
1029 3550 1074 3639 (11
