2580 3888
166 163 231 227 368
269 163 301 219 lI.
328 162 397 218 TIB.
416 161 492 216 GAlI
515 162 642 218 CLAUD.
667 163 802 219 Nason
821 163 928 219 TEMP.
953 163 1048 219 lours
1076 162 1186 218 CONS.

167 329 293 390 historia
323 330 447 390 Masurii
473 330 558 390 libris
587 329 706 390 ridetur
737 349 810 391 usus
842 351 915 392 esse.
966 335 1184 410 argumentum

167 437 345 496 quamquam
364 420 458 477 aiure
479 420 610 478 alienum
629 420 721 479 fuisse
737 420 873 498 Krueger
886 442 916 497 p.
933 423 994 481 152
1015 422 1183 498 contendit,

168 511 272 584 aperte
291 509 329 567 ad
348 509 394 566 ius
412 507 566 584 publicum
585 511 616 567 et
634 527 752 568 sacrum
769 510 909 586 pertinet.
942 511 1078 570 inlibris
1099 529 1184 570 com·

167 597 312 674 ponendis
331 597 480 656 Masurius
504 597 583 656 inter
606 597 680 656 alios
706 601 737 657 et
761 598 788 656 S.
804 599 959 674 Papirium
982 603 1012 659 el
1032 598 1182 658 Granium

168 686 308 745 Flaccum
323 686 443 745 videtur
456 687 628 745 adhibuisse
645 679 686 764 (v.
696 687 732 745 fr.
744 681 787 766 5),
823 689 932 747 veteris
952 688 1026 746 iuris
1041 689 1183 766 exempla

168 775 321 850 proferens
335 775 501 834 nominavit
515 774 657 833 Publium
673 775 841 850 Scipionem
854 777 993 836 Nasicam
1007 779 1038 836 et
1047 777 1182 836 Marium

168 861 318 940 Popilium
341 882 491 941 censores,
520 863 553 923 L.
577 863 732 938 Papirium
754 869 935 942 praetorem,
964 866 1099 924 Marcum
1123 863 1181 924 Oo-

167 954 283 1013 tavium
305 953 502 1028 Herennium,
527 953 577 1029 qui
600 951 696 1027 prima
719 953 918 1013 adolescentia
940 949 1053 1013 tibicen
1072 957 1181 1029 postea

166 1042 300 1101 instituit
322 1043 520 1100 mercaturam
549 1043 580 1100 et
607 1059 639 1099 re
669 1042 743 1100 bene
771 1046 858 1118 gesta
886 1043 1031 1102 decimam
1054 1043 1181 1102 Herculi

166 1131 326 1191 dedicavit.

593 1219 701 1278 Liber
724 1218 748 1278 Ι.

478 1326 522 1380 De
541 1325 691 1381 Fratribus
710 1327 870 1382 Arvalibus.

259 1428 287 1491 1.
308 1425 388 1492 Gell.
408 1428 442 1510 7,
462 1428 496 1512 7,
515 1427 544 1492 8.
573 1462 615 1472 -
644 1424 781 1491 Sabinus
814 1425 976 1492 Masurius
1008 1427 1042 1491 in
1073 1429 1181 1512 primo

168 1516 420 1599 Memorialium,
458 1520 585 1580 secutus
619 1515 776 1596 quosdam
808 1515 964 1580 historiae
997 1516 1181 1602 scriptores,

169 1608 289 1672 Accam
312 1603 497 1669 Larentiam
525 1603 656 1668 Romuli
683 1604 841 1669 nutricem
864 1603 964 1669 fuisse
987 1605 1074 1671 dicit.
1119 1607 1181 1689 Ea,

168 1695 282 1779 inquit,
312 1695 424 1759 mulier
450 1715 486 1758 ea
508 1694 665 1773 duodecim
690 1693 767 1774 filiis
794 1693 933 1758 maribus
959 1715 1058 1758 uuum
1085 1701 1182 1760 morte

167 1785 283 1848 amisit.
328 1783 363 1846 iu
386 1783 473 1847 illius
496 1782 595 1846 locum
612 1781 765 1846 Romulus
782 1781 883 1847 Accae
900 1803 962 1848 sese
979 1783 1081 1865 (ilium
1100 1785 1183 1848 dedit

166 1891 256 1954 seque
277 1877 305 1935 et
326 1876 435 1936 ceteros
452 1871 518 1935 eius
534 1871 616 1952 lilios
634 1870 765 1936 Fratres
782 1870 915 1936 Arvales
933 1872 1107 1954 appellauit.
1145 1893 1182 1938 ea

167 1981 201 2025 eo
225 1966 354 2042 tempore
376 1960 534 2042 callepium
557 1960 673 2022 mausil
689 1959 843 2024 Fratrum
861 1959 1029 2025 Arvalium
1052 1982 1181 2027 uumero

167 2050 337 2126 duodecim,
364 2049 452 2114 auius
477 2047 640 2112 sacerdotii
666 2048 785 2130 lusique
811 2053 856 2114 est
881 2051 981 2130 spicea
1011 2070 1125 2114 corona
1154 2057 1182 2116 el

167 2137 256 2202 albae
278 2137 404 2218 infulae.

260 2249 296 2306 In
315 2248 390 2308 actis
408 2249 549 2307 Fratrum
567 2245 725 2306 Arvalium
742 2248 837 2308 vittae
857 2250 971 2326 spiceae
990 2251 1185 2310 nominantur

169 2338 206 2396 cf.
236 2337 550 2397 Preller1128n.4.
595 2335 708 2394 infulae
739 2337 771 2395 in
802 2339 962 2398 Iustiniani
989 2339 1184 2416 Digestorum

171 2427 255 2485 libris
277 2444 434 2504 nusquam,
457 2427 490 2485 in
513 2424 583 2485 Ood.
603 2425 656 2484 Th.
681 2427 799 2501 saepius
822 2429 933 2487 mentio
956 2428 999 2488 fit.

592 2609 699 2668 Liber
721 2609 761 2668 ΙΙ.

580 2717 624 2771 De
643 2715 769 2772 Hercule.

260 2814 289 2878 2.
313 2814 455 2882 Macrob.
480 2819 538 2879 sat.
562 2817 592 2899 3,
612 2816 707 2897 6,11.
730 2852 775 2862 -
798 2813 902 2878 Huius
927 2814 1099 2878 commenti
1122 2811 1180 2902 (sa

169 2901 210 2966 de
243 2901 380 2968 Hercule
412 2903 559 2988 Victore)
593 2926 722 2968 causam
750 2903 910 2967 Masurius
944 2900 1082 2967 Sabinus
1114 2903 1182 2970 Me·

170 2991 355 3056 morialium
368 2993 452 3057 libro
471 2993 610 3057 secundo
629 2993 722 3057 aliter
737 2993 874 3076 exponit.
907 2991 1046 3076 Marcus,
1064 2992 1182 3077 inquit,

170 3079 315 3146 Octauius
334 3081 512 3146 Heremias
529 3082 638 3164 prima
660 3081 864 3146 adulescentia
883 3081 998 3164 tibicen,
1016 3086 1182 3162 postquam

169 3171 250 3234 artis
271 3169 396 3250 diffisus
418 3190 492 3234 suae
514 3173 569 3252 est,
597 3172 732 3235 instituit
753 3175 969 3252 mercaturam,
997 3176 1025 3235 et
1050 3170 1122 3236 bene
1148 3193 1183 3236 re

168 3263 253 3340 aesta
284 3259 433 3323 decimam
463 3258 594 3324 Herculi
619 3259 809 3341 profanavit.
853 3265 961 3340 postea
992 3279 1061 3324 cum
1092 3261 1181 3325 uari·

167 3366 251 3424 graus
277 3347 331 3412 boc
358 3349 438 3412 idem
464 3353 577 3432 aperet,
604 3370 626 3412 a
644 3347 850 3430 praedouibus
871 3349 1091 3413 circumuentus
1117 3349 1181 3429 for·

172 3435 288 3498 tissime
320 3440 502 3518 remmuaoit
531 3442 560 3501 el
590 3440 685 3534 viator
715 3438 843 3502 recessit.
892 3437 973 3501 tuuc
1004 3438 1039 3502 lu
1064 3440 1183 3504 sommis

171 3520 320 3587 Hercules
337 3526 439 3589 docuit
460 3547 519 3592 sua
543 3547 634 3608 opera
652 3531 812 3592 sucatum.
854 3526 904 3590 eui
923 3525 1067 3591 Octauius
1086 3527 1182 3610 impe-
