2512 3888
351 206 358 222 ,
407 166 432 216 2.
455 160 637 218 MASURIUS
656 162 808 219 SABINUS
1045 163 1112 229 419

193 329 315 388 Pernice
333 327 349 387 Ι
367 349 396 404 p.
415 331 481 389 240
498 349 528 388 n.
547 331 566 390 3
591 329 716 390 iudicat:
742 324 786 389 ‘in
810 331 862 390 der
880 377 887 390 .
902 378 931 392 ..
951 331 1047 393 Stelle
1070 353 1114 394 re·

101 416 274 494 produoiert
295 416 407 493 Ulpian
430 418 487 477 den
510 412 621 477 Sabin’.

394 577 441 637 De
462 579 613 638 heredibus
634 580 825 638 instituendis.

191 678 271 744 ‘Nou
293 687 407 761 tamen,
430 687 466 744 ut
488 685 552 744 iure
576 685 657 745 civili
679 685 780 745 valeat
802 687 1028 765 testamentum,
1051 689 1112 748 sut·

100 772 165 833 ficit
192 791 229 832 es
255 773 438 851 observatio,
465 793 554 850 quam
583 791 675 849 supra
702 774 894 849 exposuimus
923 773 958 833 de
981 775 1112 837 familias

99 861 270 922 venditione
295 866 325 922 et
348 862 384 922 de
407 863 537 922 testibus
561 862 646 922 etde
665 863 947 939 nuncupationibus,
971 864 1111 924 sedante

100 950 201 1010 omnia
235 951 446 1029 requirendum
479 953 538 1028 est,
575 970 614 1010 an
645 951 797 1011 institutio
829 952 946 1011 heredis
975 953 1111 1012 sollemni

99 1059 182 1100 more
214 1041 296 1100 facta
328 1033 387 1100 sit’.
438 1035 603 1100 ‘sollemnis
636 1042 738 1099 autem
769 1039 920 1100 institutio
952 1041 1025 1100 haec
1053 1043 1111 1101 est:

99 1129 198 1188 Titius
221 1131 307 1189 heres
330 1123 415 1189 esto'.
453 1127 561 1202 Gaia,
579 1132 739 1190 115.117.
776 1130 812 1189 of.
831 1127 900 1205 Ulp.
917 1131 966 1189 21.

188 1217 321 1278 Heredes
353 1217 471 1278 institui
497 1220 637 1297 possunt,
670 1218 722 1296 qui
749 1219 924 1278 testamenti
951 1217 1111 1278 factionem

98 1326 167 1366 cum
190 1308 335 1366 testatore
355 1305 475 1366 habent.
518 1307 726 1367 dediticiorum
744 1327 868 1367 numero
886 1308 972 1367 heres
991 1306 1111 1367 institui

96 1415 158 1456 non
171 1397 280 1472 potest,
294 1395 365 1472 quia
378 1396 553 1472 peregrinus
568 1399 621 1456 est.
653 1395 780 1456 Latinus
793 1396 938 1456 Iunianus
952 1396 978 1454 si
992 1395 1110 1473 quidem

97 1484 205 1544 mortis
235 1484 389 1544 testatoris
416 1486 551 1561 tempore
579 1485 628 1544 vel
654 1485 735 1543 iutra
762 1484 841 1543 diem
869 1485 1009 1545 cretionis
1037 1483 1110 1545 civis

97 1572 251 1632 Romanus
275 1573 324 1650 sit,
345 1573 432 1632 heres
451 1590 515 1632 esse
534 1574 646 1648 potest,
670 1573 750 1650 quod
768 1573 794 1632 si
812 1573 939 1633 Latinus
957 1573 1110 1650 manserit,

97 1661 165 1740 lege
188 1661 276 1720 Iunia
299 1680 404 1737 capere
426 1661 624 1721 hereditatem
646 1661 828 1736 prohibetur.
868 1661 948 1720 idem
970 1657 1045 1720 iuris
1063 1666 1111 1722 est

96 1750 130 1809 in
151 1769 280 1826 persona
302 1749 424 1809 caelibis
447 1752 571 1827 propter
587 1750 686 1827 legem
703 1749 822 1809 Iuliam.
862 1749 1108 1826 Ulp.22,1-3.

96 1839 206 1898 mulier
224 1839 262 1898 ab
281 1856 316 1899 eo
335 1839 387 1916 qui
406 1840 526 1898 eentum
544 1837 628 1896 milia
646 1839 724 1898 aeris
742 1856 846 1898 census
865 1841 920 1914 est,
937 1858 993 1914 per
1009 1839 1108 1916 legem

96 1927 261 1989 Voconiam
284 1929 371 1988 heres
393 1927 511 1987 institui
530 1946 589 1986 non
606 1929 714 2002 potest
756 1925 820 1986 cai.
836 1929 865 2002 2,
879 1929 954 1987 274.
994 1927 1110 1988 incerta

96 2035 224 2094 persona
246 2018 333 2076 heres
356 2016 476 2076 institui
497 2035 557 2076 nou
579 2019 688 2094 potest,
710 2017 797 2077 velut
818 2017 874 2076 hoo
897 2015 997 2076 modo:
1026 2017 1107 2096 quis·

96 2105 165 2184 quis
178 2106 292 2182 primus
306 2105 345 2166 ad
357 2105 448 2166 iunus
462 2125 563 2166 meum
575 2105 754 2182 pervenerit,
773 2105 860 2165 heres
874 2107 948 2182 esto,
965 2106 1107 2184 quonium

96 2198 212 2255 certum
234 2195 392 2255 consilium
414 2195 504 2255 debet
526 2213 589 2255 esse
608 2195 757 2255 testantis.
799 2213 853 2254 neo
871 2194 1034 2271 municipia
1052 2214 1106 2255 nec

94 2283 259 2360 municipes
273 2285 396 2344 heredes
408 2284 530 2344 institui
538 2287 673 2362 possunt,
687 2283 828 2360 quoniam
838 2283 987 2343 incertum
998 2302 1106 2361 corpus

95 2375 155 2448 est,
185 2375 217 2432 ct
242 2390 340 2452 neque
368 2391 486 2433 cernere
514 2373 648 2434 universi
671 2391 767 2450 neque
790 2392 845 2448 pro
868 2373 977 2432 herede
1000 2392 1105 2450 gerere

94 2463 234 2540 possunt,
265 2464 301 2521 ut
331 2461 455 2522 heredes
482 2461 565 2520 fiant.
612 2460 683 2520 deos
710 2460 833 2521 heredes
860 2460 1017 2520 instituere
1045 2480 1106 2521 non

92 2568 253 2627 possumus
288 2552 409 2628 praeter
444 2567 508 2624 eos,
544 2566 618 2624 quos
656 2548 813 2607 instituere
845 2567 1017 2608 conoessum
1049 2550 1105 2608 est.

93 2638 163 2716 Ulp.
179 2641 231 2716 32,
244 2642 341 2700 4-6.

123 2726 126 2734 ’
184 2729 292 2791 Servos
305 2725 428 2787 heredes
442 2727 601 2786 instituere
613 2742 782 2803 possumus,
801 2727 920 2784 nostros
934 2741 1002 2782 oum
1016 2723 1104 2783 liber·

91 2820 166 2894 tate,
189 2817 302 2878 alienos
326 2817 388 2876 sine
411 2815 561 2893 libertate,
584 2815 637 2876 sed
660 2833 711 2875 eos
734 2815 862 2890 tantum,
885 2815 1013 2890 quorum
1035 2830 1103 2870 oum

92 2907 220 2968 dominis
250 2905 424 2967 testamenti
456 2905 615 2965 factionem
647 2904 799 2964 habemus.
852 2901 921 2978 Ulp.
945 2902 996 2974 22,
1022 2902 1049 2960 7.
1075 2903 1103 2960 9.

92 2997 129 3056 ot.
146 2994 209 3056 Gai.
226 2998 255 3074 1,
270 2998 320 3056 23.
336 2996 386 3056 25.
402 2996 432 3072 2,
448 2996 519 3054 110.
536 2995 718 3068 185-190,
735 2994 797 3054 287
802 3038 808 3051 .

181 3085 217 3144 In
240 3085 386 3144 librorum
408 3083 446 3142 ad
465 3083 533 3142 Sub.
557 3083 737 3158 scriptorum
754 3080 932 3159 fragmentis
951 3077 1102 3138 disserunt

91 3173 129 3234 de
157 3175 213 3233 hac
240 3193 272 3233 re
299 3172 403 3248 Pomp.
423 3173 496 3233 392.
515 3172 580 3231 394
607 3164 752 3254 (fortasse
780 3171 872 3230 etiam
900 3156 1101 3246 sss—397),

90 3261 161 3339 Ulp.
177 3264 404 3324 2460-2466.
450 3260 538 3320 Pauli
560 3261 730 3337 fragmenta
751 3278 811 3318 nou
834 3258 962 3318 exstant.

182 3346 225 3410 9?
257 3346 297 3412 D.
310 3347 362 3429 28,
376 3343 407 3429 5,
420 3345 451 3429 9,
464 3345 495 3410 9.
540 3342 700 3428 Ulpianus
723 3342 809 3427 libro
833 3343 947 3426 quinto
977 3340 1016 3405 ad
1046 3337 1101 3404 Sa-

91 3435 204 3499 binum
227 3430 278 3520 (P.
292 3432 404 3519 2461).
431 3471 469 3480 -
494 3431 597 3498 Heres
622 3431 767 3515 institui,
794 3431 858 3496 nisi
880 3432 917 3494 ut
940 3432 1025 3496 certe
1048 3427 1100 3492 de·

90 3526 303 3608 monstretur,
326 3544 419 3588 nemo
442 3525 561 3608 potest.

835 3623 887 3678 27*
