2568 3890
414 197 439 245 ¹1.
462 191 498 244 Μ.
515 191 704 248 ANTISTIUS
724 192 842 248 LABEO
1066 193 1131 257 223

126 374 200 416 eum
216 352 344 416 demum
359 353 525 436 contineri,
544 354 597 438 qui
612 353 773 419 fruetuum
788 356 1014 420 servandorum
1030 357 1141 441 gratia¹

125 445 258 525 paratus
277 442 330 524 sit,
350 463 422 506 eum
440 464 516 524 non,
535 445 590 526 qui
607 443 718 507 finium
735 444 1015 510 custodiendorum
1030 467 1136 512 eausa.

484 616 528 670 De
546 617 659 672 aedibus
676 619 780 688 legatis.

219 718 268 782 13.
305 715 344 780 D.
372 715 426 802 50,
451 718 501 794 16,
524 717 598 782 245.
657 717 853 802 Pomponius
890 719 973 784 libro
1011 721 1134 786 decimo

125 804 348 889 Epistularum
364 802 415 891 (P.
431 805 517 891 198).
535 843 573 852 -
590 804 721 870 Statuae
740 807 863 871 adfixae
876 809 1015 875 vbasibus
1034 813 1135 876 strue·

127 894 240 958 tilibus
264 897 320 958 aut
342 895 473 958 tabulae
494 894 650 980 religatae
669 897 791 960 catenis
810 900 866 960 aut
885 917 963 981 erga
980 899 1136 980 parietem

128 983 250 1047 adfixae
284 985 341 1047 aut
371 984 398 1047 si
429 983 577 1048 similiter
609 983 783 1049 cohaerent
810 984 933 1069 lychni,
964 1007 1031 1052 non
1060 992 1136 1051 sunt

127 1071 266 1156 aedium,
286 1074 420 1136 ornatus
439 1072 524 1136 enim
545 1071 670 1136 aedium
689 1094 786 1138 eausa
804 1077 969 1158 parantur,
987 1097 1053 1140 non
1073 1098 1135 1159 quo

128 1160 222 1224 aedes
245 1159 461 1244 perficiantur.
507 1161 593 1225 idem
616 1160 725 1226 Labeo
749 1163 803 1226 ait.

217 1280 359 1340 Fortasse
382 1283 418 1340 de
440 1281 601 1342 venditis
625 1282 748 1342 aedibus
772 1282 926 1360 agebatur.

218 1392 269 1456 14.
292 1389 331 1454 D.
347 1392 398 1471 32,
414 1392 465 1456 86.
502 1391 655 1456 Proculus
675 1393 759 1457 libro
780 1393 892 1478 quinto
912 1393 1136 1478 Epistularum

127 1476 177 1566 (P.
208 1478 273 1564 16).
309 1513 352 1526 --
387 1480 421 1544 Si
457 1480 505 1544 ita
545 1481 687 1564 legatum
725 1486 775 1546 est
811 1481 954 1547 ‘domum
992 1503 1135 1569 quaeque

126 1589 200 1632 mea
227 1569 273 1632 ibi
301 1575 407 1646 erunt,
435 1591 507 1633 cum
530 1568 672 1651 moriar',
698 1592 847 1635 nummos
872 1572 912 1636 ad
936 1571 1020 1636 diem
1045 1593 1136 1637 exac-

126 1662 178 1722 tos
212 1679 231 1722 1
258 1657 469 1742 debitoribus,
486 1662 537 1720 ·ut
569 1657 641 1721 aliis
673 1659 858 1724 nominibus
891 1661 1135 1745 collocarentur,

127 1766 191 1810 non
212 1749 292 1829 puto
313 1746 439 1830 legatos
459 1767 538 1825 esse,
557 1751 590 1810 et
603 1745 762 1811 Labeonis
783 1748 1022 1813 distinctionem
1042 1751 1135 1816 valde

126 1835 238 1918 probo,
262 1835 316 1919 qui
340 1836 470 1918 scripsit
492 1855 550 1900 nec
574 1835 659 1919 quod
683 1858 759 1901 casn
783 1837 918 1920 abesset,
941 1839 1046 1902 minus
1066 1860 1136 1903 esse

15 1999 16 2018 ἶ
125 1922 271 2008 legatum
297 1945 356 1988 nse
384 1924 468 2008 quod
496 1943 572 1988 casu
600 1925 647 1988 ibi
675 1926 731 2006 sit,
759 1927 864 2010 magis
888 1947 957 1990 esse
981 1927 1135 2013 legatum.

461 2099 684 2174 Ἰ,1)11111111111111
701 2101 798 2168 leuata.

217 2198 267 2263 15.
300 2195 338 2262 D.
362 2199 580 2284 33,10‚7pr.
632 2199 744 2266 Celsus
777 2199 860 2265 libro
893 2223 978 2267 nono
1011 2202 1135 2270 decimo

126 2285 335 2372 Digestorum
367 2283 416 2375 (P.
442 2285 528 2375 168).
561 2325 599 2336 —
631 2287 739 2354 Labeo
773 2291 818 2353 ait
849 2291 1006 2376 originem
1036 2292 1136 2358 fuisse

126 2376 349 2460 supellectilis,
379 2377 464 2460 quod
492 2378 569 2441 olim
596 2377 662 2461 his,
690 2380 744 2462 qui
771 2378 806 2442 in
833 2378 1030 2464 legationem
1061 2403 1135 2465 pro·

126 2465 355 2549 ficiscerentur,
382 2465 482 2530 locari
510 2467 664 2550 solerent,
692 2488 773 2549 quae
803 2467 862 2531 sub
890 2468 1030 2551 pellibus
1061 2469 1135 2534 usui

15 2543 16 2592 3
127 2553 241 2618 forent.

504 2639 547 2694 De
565 2655 634 2693 caro
653 2639 748 2709 legato.

216 2739 266 2804 16.
284 2739 324 2805 D.
339 2741 391 2822 34,
401 2741 431 2822 2,
441 2741 492 2822 32,
504 2741 532 2804 1.
564 2739 683 2804 Paulus
701 2738 785 2803 libro
801 2737 938 2804 secundo
954 2741 994 2804 ad
1008 2739 1135 2808 Vitelli·

125 2851 180 2893 um
204 2825 253 2916 (P.
272 2827 398 2914 207412).
422 2826 596 2893 —Aurea
623 2829 830 2911 emblemata,
858 2849 939 2912 quae
965 2831 999 2892 in
1021 2830 1136 2913 lapidi-

126 2917 186 2983 bus
211 2918 377 3001 apsidibus
402 2919 563 3003 argenteis
587 2920 695 2982 essent
717 2920 749 2982 et
771 2917 968 3002 replumbari
991 2924 1136 3005 possent,

126 3007 235 3071 deberi
258 3006 371 3072 Gallus
395 3007 453 3092 ait,
479 3008 532 3072 sed
556 3005 664 3071 Labeo
688 3006 860 3091 improbat.

443 3181 487 3236 De
505 3183 700 3253 dactyliothece
719 3183 814 3250 legato.

218 3283 269 3348 17.
293 3279 333 3346 D.
348 3282 400 3361 32,
416 3282 467 3362 52,
482 3283 510 3346 8.
542 3281 702 3366 Ulpianus
721 3281 804 3345 libro
824 3282 1000 3348 vicensimo
1021 3287 1137 3368 quarto

15 3423 16 3444 2
128 3370 168 3434 ad
194 3368 351 3436 Sabinum
379 3369 427 3456 (Ρ.
445 3366 556 3457 2661).
581 3407 623 3416 -
646 3368 738 3446 Quod
767 3368 802 3434 in
829 3368 1030 3437 bibliotheca
1052 3376 1136 3438 trac·

15 3463 16 3468 ’
126 3459 279 3537 tammus,
312 3459 398 3524 idem
426 3458 624 3543 Pomponius
654 3456 736 3524 libro
768 3463 858 3523 sexto
887 3481 925 3521 ex
954 3458 1074 3527 Sabino
1101 3461 1136 3526 in

15 3552 16 3638 Ῐ
127 3547 362 3632 dactyliothece
398 3548 508 3632 legata
543 3551 676 3632 tractat,
714 3551 746 3612 11
781 3547 826 3611 111
863 3549 975 3612 anulos
1010 3571 1135 3635 quoque
