2506 3880
403 113 834 212 15155555511555
970 161 971 166 ‘
1061 157 1124 222 123
1186 189 1188 194 ·

203 318 278 385 154.
306 318 347 384 D.
359 319 412 404 48,
427 320 457 403 7,
469 321 500 402 4,
515 319 545 384 1.
583 318 703 385 Ρ55155
725 320 811 386 libro
834 321 1124 408 quinquagensimo

112 407 229 493 quinto
257 407 299 473 ad
328 408 464 474 edietum
492 407 541 495 (P.
555 405 647 495 687).
668 445 713 454 —-
810 410 838 474 si
865 411 937 494 quis
966 411 1125 496 quaestio·

111 519 186 562 nem
212 497 251 561 de
276 497 409 562 alterius
433 519 526 563 servo
544 497 712 562 habuisset
802 497 998 565 moderatius
1017 499 1123 566 edicto

109 587 274 672 praetoris
298 585 337 651 de
360 586 485 651 iniuriis
508 586 663 650 utendum
691 607 762 651 esse
783 585 894 653 Labeo
918 588 973 653 ait.

201 673 276 741 155.
308 673 348 739 D.
366 676 419 757 47,
439 675 490 754 10,
510 675 561 757 15,
578 675 631 740 42.
685 674 846 758 Ulpianus
878 675 962 741 libro
994 681 1122 762 septua-

111 764 261 849 gensimo
280 765 419 848 septimo
437 765 476 829 ad
496 763 638 828 edietum
657 761 706 851 (P.
722 761 833 850 1357).
852 801 894 810 -
915 814 967 830 ...
986 766 1014 830 51
1031 767 1122 831 15555

111 851 235 918 domini
262 852 334 936 quis
362 852 584 936 quaestionem
611 853 746 935 habeat,
774 852 905 919 modum
933 856 1042 918 tamen
1069 877 1122 920 ex·

111 940 255 1025 cesserit,
278 944 380 1006 teneri
403 963 476 1006 eum
498 941 613 1006 debere
635 940 746 1007 Labeo
768 941 825 1008 ait.

202 1029 275 1094 156.
306 1028 346 1096 D.
364 1030 417 1115 47,
436 1031 488 1114 10,
508 1029 559 1112 15,
576 1030 630 1095 46.
683 1027 847 1115 Ulpianus.
875 1030 959 1096 libro
993 1034 1122 1115 septua-

111 1118 260 1205 gensimo
275 1119 413 1202 septimo
427 1118 469 1184 ad
482 1119 622 1184 edietum
636 1116 687 1203 (P.
699 1115 822 1207 1359·).
833 1157 875 1166 -
892 1117 926 1184 Si
940 1119 1012 1204 quis
1028 1140 1121 1185 servo

109 1207 280 1273 verberato
303 1207 493 1272 iniuriarum
517 1208 634 1292 egerit,
662 1207 775 1273 deinde
802 1212 918 1292 postea
942 1207 1051 1273 damni
1074 1207 1122 1271 in-

110 1296 212 1362 iuriae
237 1300 322 1382 agat,
344 1295 452 1362 Labeo
476 1296 591 1362 scribit
614 1296 749 1362 eandem
767 1319 836 1362 rem
855 1318 923 1362 non
941 1318 1020 1381 esse,
1044 1296 1121 1381 quia

110 1385 217 1450 altera
234 1385 319 1450 55115
338 1385 379 1450 51
397 1385 549 1451 damnum
568 1386 745 1470 pertineret
762 1386 858 1470 eulpa
876 1385 997 1470 datum,
1017 1385 1121 1449 altera

109 1473 153 1539 ad
175 1474 412 1539 contumeliam.

201 1561 273 1628 157.
306 1560 343 1626 D.
358 1562 412 1648 47,
432 1563 482 1647 10,
505 1564 554 1647 17,
572 1563 602 1627 2.
656 1560 816 1647 Ulpianus
848 1562 932 1627 libro
965 1563 1120 1647 quinqua·

108 1651 257 1737 gensimo
290 1651 428 1735 septimo
461 1652 501 1716 ad
534 1651 674 1717 edietum
706 1649 755 1736 (P.
776 1649 902 1738 1359b).
930 1688 973 1698 —
1002 1649 1119 1717 Servus

107 1761 200 1804 meus
232 1761 330 1824 opera
363 1741 416 1806 vel
449 1741 593 1826 querella
624 1743 682 1805 155
713 1739 851 1824 llagellis
883 1761 995 1805 caesus
1023 1743 1074 1805 est
1101 1762 1121 1804 5

107 1829 303 1910 magistratu
329 1831 443 1894 nostro
542 1829 570 1894 si
598 1850 708 1894 servus
736 1829 922 1911 decesserit,
954 1828 1120 1894 dominum

106 1916 178 1983 eius
202 1938 298 2002 agere
320 1939 416 2003 posse
434 1917 542 1983 Labeo
565 1918 621 1997 ait,
644 1923 719 2002 quia
742 1916 780 1981 de
803 1917 932 2002 damno,
955 1918 1042 2003 quod
1060 1939 1119 2001 per

106 2005 260 2071 iniuriam
282 2005 404 2071 fastum
427 2011 491 2091 est,
515 2010 640 2092 agatur.
686 2010 720 2071 et
742 2006 790 2072 115
812 2006 964 2072 Trebatio
988 2007 1119 2092 plaouit.

361 2171 408 2231 De
428 2173 529 2232 555511
549 2173 727 2232 iniuriarum
749 2175 865 2232 5511555.

162 2331 165 2338 .
199 2272 271 2339 158.
303 2272 410 2359 1147,
430 2272 481 2357 10,
502 2274 552 2355 17,
572 2275 600 2339 7.
654 2271 814 2358 Ulpianus
847 2274 929 2340 libro
962 2275 1119 2358 quiuqua-

104 2361 254 2448 gensimo
282 2362 422 2446 septimo
450 2362 490 2426 51
519 2362 659 2428 edietum
688 2360 737 2449 (P.
762 2361 873 2452 1360).
895 2399 940 2410 -
962 2361 997 2428 Si
1028 2364 1119 2427 iussu

105 2451 230 2516 domini
259 2471 370 2515 servus
396 2449 549 2515 iniuriam
576 2451 704 2536 feeerit,
730 2453 843 2536 utique
873 2450 1022 2517 domiuus
1046 2472 1118 2516 oon·

104 2540 211 2604 veniri
237 2539 360 2623 poterit
386 2539 486 2604 etiam
513 2561 571 2605 suo
601 2539 742 2604 nomine.
788 2539 844 2602 sed
868 2539 896 2603 si
918 2543 1119 2622 proponatur

105 2648 219 2693 servus
249 2628 481 2708 manumissus,
508 2629 614 2712 placet
642 2625 785 2692 Labeoni
813 2624 953 2690 dandam
980 2629 1015 2690 in
1044 2648 1117 2691 eum

104 2717 285 2802 astionem,
312 2716 390 2800 quia
416 2721 449 2781 51
472 2738 558 2782 noxa
581 2721 679 2800 eaput
702 2714 847 2800 sequitur
870 2735 929 2778 nee
951 2713 985 2777 in
1009 2715 1119 2780 omnia

103 2826 216 2872 servus
241 2805 372 2871 domino
394 2826 508 2890 parere
531 2805 634 2870 debet

505 2970 552 3031 De
573 2972 717 3032 15115515.

198 3070 271 3136 159.
304 3069 344 3135 D.
358 3069 411 3152 42,
428 3070 456 3154 1,
468 3071 500 3155 4,
514 3071 544 3136 3.
594 3071 754 3155 Ulpianus
782 3071 865 3136 libro
894 3070 1116 3155 quinquagen-

101 3160 191 3224 simo
222 3162 337 3225 ootavo
370 3159 411 3224 ad
442 3160 581 3225 edietum
611 3157 660 3246 (Ρ.
682 3157 789 3244 1371).
817 3195 860 3206 -
888 3157 946 3223 Ait
972 3158 1118 3241 praetor:

101 3248 350 3313 ‘condemnatus
383 3252 420 3311 51
447 3249 618 3330 pecuniam
646 3247 773 3312 solvat'.
824 3269 843 3311 a
870 3246 1011 3312 iudicato
1039 3265 1116 3332 ergo

101 3337 170 3401 hoe
193 3336 347 3421 exigitur,
374 3341 412 3400 51
434 3337 601 3421 pecuniam
626 3336 740 3401 solvat.
787 3334 864 3419 quid
888 3355 978 3419 ergo,
1003 3335 1116 3402 51551-

102 3446 183 3490 vere
201 3425 329 3511 quidem
348 3429 480 3509 paratus
498 3446 564 3490 nou
583 3425 636 3508 sit,
655 3424 841 3490 satisfacere
858 3426 966 3488 autem
982 3428 1116 3508 paratus

102 3505 164 3598 sit,
184 3512 260 3598 quid
283 3513 441 3588 dicimus?
478 3517 511 3578 et
534 3514 583 3578 ait
604 3511 711 3579 Labeo
735 3511 882 3578 debuisse
904 3511 966 3579 hoo
989 3533 1116 3598 quoque
1230 3581 1231 3586 .
